@ARTICLE{1991PASP..103..933M,
   author = {{Madore}, B.~F. and {Freedman}, W.~L.},
    title = "{The Cepheid distance scale}",
  journal = {\pasp},
 keywords = {Cepheid Variables, Distance, Stellar Luminosity, Interstellar Extinction, Local Group (Astronomy), Magellanic Clouds, Metallicity, Stellar Spectrophotometry},
     year = 1991,
    month = sep,
   volume = 103,
    pages = {933-957},
      doi = {10.1086/132911},
   adsurl = {http://adsabs.harvard.edu/abs/1991PASP..103..933M},
  adsnote = {Provided by the SAO/NASA Astrophysics Data System}
}
@ARTICLE{2012ApJ...759..146M,
   author = {{Monson}, A.~J. and {Freedman}, W.~L. and {Madore}, B.~F. and 
	{Persson}, S.~E. and {Scowcroft}, V. and {Seibert}, M. and {Rigby}, J.~R.
	},
    title = "{The Carnegie Hubble Program: The Leavitt Law at 3.6 and 4.5 {$\mu$}m in the Milky Way}",
  journal = {\apj},
archivePrefix = "arXiv",
   eprint = {1209.4946},
 primaryClass = "astro-ph.GA",
 keywords = {infrared: stars, stars: variables: Cepheids},
     year = 2012,
    month = nov,
   volume = 759,
      eid = {146},
    pages = {146},
      doi = {10.1088/0004-637X/759/2/146},
   adsurl = {http://adsabs.harvard.edu/abs/2012ApJ...759..146M},
  adsnote = {Provided by the SAO/NASA Astrophysics Data System}
}
@ARTICLE{2014MNRAS.440L..96K,
   author = {{Klein}, C.~R. and {Richards}, J.~W. and {Butler}, N.~R. and 
	{Bloom}, J.~S.},
    title = "{Mid-infrared period-luminosity relations of RR Lyrae stars derived from the AllWISE Data Release}",
  journal = {\mnras},
archivePrefix = "arXiv",
   eprint = {1402.4449},
 primaryClass = "astro-ph.SR",
 keywords = {methods: statistical, stars: distances, stars: variables: RR Lyrae, infrared: stars},
     year = 2014,
    month = may,
   volume = 440,
    pages = {L96-L100},
      doi = {10.1093/mnrasl/slu031},
   adsurl = {http://adsabs.harvard.edu/abs/2014MNRAS.440L..96K},
  adsnote = {Provided by the SAO/NASA Astrophysics Data System}
}
@ARTICLE{2006MNRAS.372.1675S,
   author = {{Sollima}, A. and {Cacciari}, C. and {Valenti}, E.},
    title = "{The RR Lyrae period-K-luminosity relation for globular clusters: an observational approach}",
  journal = {\mnras},
   eprint = {astro-ph/0608397},
 keywords = {methods: observational, techniques: photometric, stars: distances, stars: variables: other, infrared: stars},
     year = 2006,
    month = nov,
   volume = 372,
    pages = {1675-1680},
      doi = {10.1111/j.1365-2966.2006.10962.x},
   adsurl = {http://adsabs.harvard.edu/abs/2006MNRAS.372.1675S},
  adsnote = {Provided by the SAO/NASA Astrophysics Data System}
}
@ARTICLE{2004ApJS..154..633C,
   author = {{Catelan}, M. and {Pritzl}, B.~J. and {Smith}, H.~A.},
    title = "{The RR Lyrae Period-Luminosity Relation. I. Theoretical Calibration}",
  journal = {\apjs},
   eprint = {astro-ph/0406067},
 keywords = {Cosmology: Distance Scale, Stars: Horizontal-Branch, Stars: Variables: Other},
     year = 2004,
    month = oct,
   volume = 154,
    pages = {633-649},
      doi = {10.1086/422916},
   adsurl = {http://adsabs.harvard.edu/abs/2004ApJS..154..633C},
  adsnote = {Provided by the SAO/NASA Astrophysics Data System}
}
@ARTICLE{2006A&A...445..513V,
   author = {{van de Ven}, G. and {van den Bosch}, R.~C.~E. and {Verolme}, E.~K. and 
	{de Zeeuw}, P.~T.},
    title = "{The dynamical distance and intrinsic structure of the globular cluster {$\omega$} Centauri}",
  journal = {\aap},
   eprint = {astro-ph/0509228},
 keywords = {Galaxy: globular clusters: individual: NGC 5139, Galaxy:, kinematics and dynamics},
     year = 2006,
    month = jan,
   volume = 445,
    pages = {513-543},
      doi = {10.1051/0004-6361:20053061},
   adsurl = {http://adsabs.harvard.edu/abs/2006A%26A...445..513V},
  adsnote = {Provided by the SAO/NASA Astrophysics Data System}
}
@ARTICLE{2001AJ....121.3089T,
   author = {{Thompson}, I.~B. and {Kaluzny}, J. and {Pych}, W. and {Burley}, G. and 
	{Krzeminski}, W. and {Paczy{\'n}ski}, B. and {Persson}, S.~E. and 
	{Preston}, G.~W.},
    title = "{Cluster AgeS Experiment: The Age and Distance of the Globular Cluster {$\omega$} Centauri Determined from Observations of the Eclipsing Binary OGLEGC 17}",
  journal = {\aj},
   eprint = {astro-ph/0012493},
 keywords = {Stars: Binaries: Eclipsing, Galaxies: Distances and Redshifts, Galaxy: Globular Clusters: General},
     year = 2001,
    month = jun,
   volume = 121,
    pages = {3089-3099},
      doi = {10.1086/321084},
   adsurl = {http://adsabs.harvard.edu/abs/2001AJ....121.3089T},
  adsnote = {Provided by the SAO/NASA Astrophysics Data System}
}
@ARTICLE{1996AJ....112.2026W,
   author = {{Walker}, A.~R. and {Nemec}, J.~M.},
    title = "{CCD Photometry of Galactic Globular Clusters.III.IC 4499}",
  journal = {\aj},
 keywords = {GLOBULAR CLUSTERS: INDIVIDUAL: IC 4499},
     year = 1996,
    month = nov,
   volume = 112,
    pages = {2026},
      doi = {10.1086/118161},
   adsurl = {http://adsabs.harvard.edu/abs/1996AJ....112.2026W},
  adsnote = {Provided by the SAO/NASA Astrophysics Data System}
}
@ARTICLE{2004A&A...424.1101K,
   author = {{Kaluzny}, J. and {Olech}, A. and {Thompson}, I.~B. and {Pych}, W. and 
	{Krzemi{\'n}ski}, W. and {Schwarzenberg-Czerny}, A.},
    title = "{Cluster AgeS ExperimentCatalog of variable stars in the globular cluster {$\omega$} Centauri}",
  journal = {\aap},
   eprint = {astro-ph/0406456},
 keywords = {catalogs, stars: variables: general, stars: variables: RR Lyr, stars: variables: Cepheids, stars: blue stragglers},
     year = 2004,
    month = sep,
   volume = 424,
    pages = {1101-1110},
      doi = {10.1051/0004-6361:20047137},
   adsurl = {http://adsabs.harvard.edu/abs/2004A%26A...424.1101K},
  adsnote = {Provided by the SAO/NASA Astrophysics Data System}
}
@ARTICLE{2006ApJ...652..362D,
   author = {{Del Principe}, M. and {Piersimoni}, A.~M. and {Storm}, J. and 
	{Caputo}, F. and {Bono}, G. and {Stetson}, P.~B. and {Castellani}, M. and 
	{Buonanno}, R. and {Calamida}, A. and {Corsi}, C.~E. and {Dall'Ora}, M. and 
	{Ferraro}, I. and {Freyhammer}, L.~M. and {Iannicola}, G. and 
	{Monelli}, M. and {Nonino}, M. and {Pulone}, L. and {Ripepi}, V.
	},
    title = "{A Pulsational Distance to {$\omega$} Centauri Based on Near-Infrared Period-Luminosity Relations of RR Lyrae Stars}",
  journal = {\apj},
   eprint = {astro-ph/0608052},
 keywords = {Cosmology: Distance Scale, Galaxy: Globular Clusters: Individual: Name: {$\omega$} Centauri, Stars: Evolution, Stars: Horizontal-Branch, Stars: Oscillations, Stars: Variables: Other},
     year = 2006,
    month = nov,
   volume = 652,
    pages = {362-369},
      doi = {10.1086/508136},
   adsurl = {http://adsabs.harvard.edu/abs/2006ApJ...652..362D},
  adsnote = {Provided by the SAO/NASA Astrophysics Data System}
}
@ARTICLE{2000AJ....119.1824R,
   author = {{Rey}, S.-C. and {Lee}, Y.-W. and {Joo}, J.-M. and {Walker}, A. and 
	{Baird}, S.},
    title = "{CCD Photometry of the Globular Cluster {$\omega$} Centauri. I. Metallicity of RR Lyrae Stars from CABY Photometry}",
  journal = {\aj},
   eprint = {astro-ph/0001101},
 keywords = {GALAXY: GLOBULAR CLUSTERS: INDIVIDUAL: NAME: {$\Omega$} CENTAURI, STARS: VARIABLES: RR LYRAE VARIABLE, STARS: ABUNDANCES, STARS: HORIZONTAL-BRANCH},
     year = 2000,
    month = apr,
   volume = 119,
    pages = {1824-1838},
      doi = {10.1086/301304},
   adsurl = {http://adsabs.harvard.edu/abs/2000AJ....119.1824R},
  adsnote = {Provided by the SAO/NASA Astrophysics Data System}
}
@ARTICLE{2014MNRAS.439.3765D,
   author = {{Dambis}, A.~K. and {Rastorguev}, A.~S. and {Zabolotskikh}, M.~V.
	},
    title = "{Mid-infrared period-luminosity relations for globular cluster RR Lyrae}",
  journal = {\mnras},
archivePrefix = "arXiv",
   eprint = {1401.5523},
 primaryClass = "astro-ph.GA",
 keywords = {stars: distances, stars: variables: RR Lyrae, globular clusters: general, infrared: stars},
     year = 2014,
    month = apr,
   volume = 439,
    pages = {3765-3774},
      doi = {10.1093/mnras/stu226},
   adsurl = {http://adsabs.harvard.edu/abs/2014MNRAS.439.3765D},
  adsnote = {Provided by the SAO/NASA Astrophysics Data System}
}
@ARTICLE{2011ApJ...743...76S,
   author = {{Scowcroft}, V. and {Freedman}, W.~L. and {Madore}, B.~F. and 
	{Monson}, A.~J. and {Persson}, S.~E. and {Seibert}, M. and {Rigby}, J.~R. and 
	{Sturch}, L.},
    title = "{The Carnegie Hubble Program: The Leavitt Law at 3.6 {$\mu$}m and 4.5 {$\mu$}m in the Large Magellanic Cloud}",
  journal = {\apj},
archivePrefix = "arXiv",
   eprint = {1108.4672},
 primaryClass = "astro-ph.CO",
 keywords = {infrared: stars, Magellanic Clouds, stars: distances, stars: variables: Cepheids},
     year = 2011,
    month = dec,
   volume = 743,
      eid = {76},
    pages = {76},
      doi = {10.1088/0004-637X/743/1/76},
   adsurl = {http://adsabs.harvard.edu/abs/2011ApJ...743...76S},
  adsnote = {Provided by the SAO/NASA Astrophysics Data System}
}
@ARTICLE{2011AJ....142..192F,
   author = {{Freedman}, W.~L. and {Madore}, B.~F. and {Scowcroft}, V. and 
	{Monson}, A. and {Persson}, S.~E. and {Seibert}, M. and {Rigby}, J.~R. and 
	{Sturch}, L. and {Stetson}, P.},
    title = "{The Carnegie Hubble Program}",
  journal = {\aj},
archivePrefix = "arXiv",
   eprint = {1109.3802},
 primaryClass = "astro-ph.CO",
 keywords = {distance scale, galaxies: distances and redshifts, stars: variables: Cepheids},
     year = 2011,
    month = dec,
   volume = 142,
      eid = {192},
    pages = {192},
      doi = {10.1088/0004-6256/142/6/192},
   adsurl = {http://adsabs.harvard.edu/abs/2011AJ....142..192F},
  adsnote = {Provided by the SAO/NASA Astrophysics Data System}
}
@ARTICLE{2007AJ....133.1810B,
   author = {{Benedict}, G.~F. and {McArthur}, B.~E. and {Feast}, M.~W. and 
	{Barnes}, T.~G. and {Harrison}, T.~E. and {Patterson}, R.~J. and 
	{Menzies}, J.~W. and {Bean}, J.~L. and {Freedman}, W.~L.},
    title = "{Hubble Space Telescope Fine Guidance Sensor Parallaxes of Galactic Cepheid Variable Stars: Period-Luminosity Relations}",
  journal = {\aj},
   eprint = {astro-ph/0612465},
 keywords = {astrometry, Cepheids, distance scale, galaxies: individual: Large Magellanic Cloud: NGC 4258},
     year = 2007,
    month = apr,
   volume = 133,
    pages = {1810-1827},
      doi = {10.1086/511980},
   adsurl = {http://adsabs.harvard.edu/abs/2007AJ....133.1810B},
  adsnote = {Provided by the SAO/NASA Astrophysics Data System}
}
@ARTICLE{2012ApJ...758...24F,
   author = {{Freedman}, W.~L. and {Madore}, B.~F. and {Scowcroft}, V. and 
	{Burns}, C. and {Monson}, A. and {Persson}, S.~E. and {Seibert}, M. and 
	{Rigby}, J.},
    title = "{Carnegie Hubble Program: A Mid-infrared Calibration of the Hubble Constant}",
  journal = {\apj},
archivePrefix = "arXiv",
   eprint = {1208.3281},
 primaryClass = "astro-ph.CO",
 keywords = {cosmological parameters, cosmology: observations, distance scale, galaxies: distances and redshifts, stars: variables: Cepheids},
     year = 2012,
    month = oct,
   volume = 758,
      eid = {24},
    pages = {24},
      doi = {10.1088/0004-637X/758/1/24},
   adsurl = {http://adsabs.harvard.edu/abs/2012ApJ...758...24F},
  adsnote = {Provided by the SAO/NASA Astrophysics Data System}
}
@ARTICLE{2006ApJ...640L..43S,
   author = {{Sollima}, A. and {Borissova}, J. and {Catelan}, M. and {Smith}, H.~A. and 
	{Minniti}, D. and {Cacciari}, C. and {Ferraro}, F.~R.},
    title = "{New Metallicities of RR Lyrae Stars in {$\omega$} Centauri: Evidence for a Non-He-enhanced Metal-intermediate Population}",
  journal = {\apjl},
   eprint = {astro-ph/0602055},
 keywords = {Galaxy: Globular Clusters: Individual: Name: {$\omega$} Centauri, Stars: Abundances, Stars: Population II, Techniques: Spectroscopic},
     year = 2006,
    month = mar,
   volume = 640,
    pages = {L43-L46},
      doi = {10.1086/503099},
   adsurl = {http://adsabs.harvard.edu/abs/2006ApJ...640L..43S},
  adsnote = {Provided by the SAO/NASA Astrophysics Data System}
}
@ARTICLE{2011AJ....142..187B,
   author = {{Benedict}, G.~F. and {McArthur}, B.~E. and {Feast}, M.~W. and 
	{Barnes}, T.~G. and {Harrison}, T.~E. and {Bean}, J.~L. and 
	{Menzies}, J.~W. and {Chaboyer}, B. and {Fossati}, L. and {Nesvacil}, N. and 
	{Smith}, H.~A. and {Kolenberg}, K. and {Laney}, C.~D. and {Kochukhov}, O. and 
	{Nelan}, E.~P. and {Shulyak}, D.~V. and {Taylor}, D. and {Freedman}, W.~L.
	},
    title = "{Distance Scale Zero Points from Galactic RR Lyrae Star Parallaxes}",
  journal = {\aj},
archivePrefix = "arXiv",
   eprint = {1109.5631},
 primaryClass = "astro-ph.SR",
 keywords = {astrometry, stars: distances, stars: variables: RR Lyrae},
     year = 2011,
    month = dec,
   volume = 142,
      eid = {187},
    pages = {187},
      doi = {10.1088/0004-6256/142/6/187},
   adsurl = {http://adsabs.harvard.edu/abs/2011AJ....142..187B},
  adsnote = {Provided by the SAO/NASA Astrophysics Data System}
}
@ARTICLE{2013MNRAS.436.2598W,
   author = {{Watkins}, L.~L. and {van de Ven}, G. and {den Brok}, M. and 
	{van den Bosch}, R.~C.~E.},
    title = "{Discrete dynamical models of {$\omega$} Centauri}",
  journal = {\mnras},
archivePrefix = "arXiv",
   eprint = {1308.4789},
 primaryClass = "astro-ph.GA",
 keywords = {methods: statistical, stars: kinematics and dynamics, globular clusters: individual: {$\omega$} Centauri (NGC 5139)},
     year = 2013,
    month = dec,
   volume = 436,
    pages = {2598-2615},
      doi = {10.1093/mnras/stt1756},
   adsurl = {http://adsabs.harvard.edu/abs/2013MNRAS.436.2598W},
  adsnote = {Provided by the SAO/NASA Astrophysics Data System}
}
@ARTICLE{2013ApJ...776..135M,
   author = {{Madore}, B.~F. and {Hoffman}, D. and {Freedman}, W.~L. and 
	{Kollmeier}, J.~A. and {Monson}, A. and {Persson}, S.~E. and 
	{Rich}, Jr., J.~A. and {Scowcroft}, V. and {Seibert}, M.},
    title = "{A Preliminary Calibration of the RR Lyrae Period-Luminosity Relation at Mid-infrared Wavelengths: WISE Data}",
  journal = {\apj},
archivePrefix = "arXiv",
   eprint = {1308.3160},
 primaryClass = "astro-ph.GA",
 keywords = {stars: Population II, stars: variables: RR Lyrae },
     year = 2013,
    month = oct,
   volume = 776,
      eid = {135},
    pages = {135},
      doi = {10.1088/0004-637X/776/2/135},
   adsurl = {http://adsabs.harvard.edu/abs/2013ApJ...776..135M},
  adsnote = {Provided by the SAO/NASA Astrophysics Data System}
}
@ARTICLE{2004ApJ...610..269D,
   author = {{Dall'Ora}, M. and {Storm}, J. and {Bono}, G. and {Ripepi}, V. and 
	{Monelli}, M. and {Testa}, V. and {Andreuzzi}, G. and {Buonanno}, R. and 
	{Caputo}, F. and {Castellani}, V. and {Corsi}, C.~E. and {Marconi}, G. and 
	{Marconi}, M. and {Pulone}, L. and {Stetson}, P.~B.},
    title = "{The Distance to the Large Magellanic Cloud Cluster Reticulum from the K-Band Period-Luminosity-Metallicity Relation of RR Lyrae Stars}",
  journal = {\apj},
   eprint = {astro-ph/0404098},
 keywords = {Stars: Evolution, Stars: Oscillations, Stars: Variables: Other},
     year = 2004,
    month = jul,
   volume = 610,
    pages = {269-274},
      doi = {10.1086/421513},
   adsurl = {http://adsabs.harvard.edu/abs/2004ApJ...610..269D},
  adsnote = {Provided by the SAO/NASA Astrophysics Data System}
}
@ARTICLE{2015arXiv150201589P,
   author = {{Planck Collaboration} and {Ade}, P.~A.~R. and {Aghanim}, N. and 
	{Arnaud}, M. and {Ashdown}, M. and {Aumont}, J. and {Baccigalupi}, C. and 
	{Banday}, A.~J. and {Barreiro}, R.~B. and {Bartlett}, J.~G. and et al.},
    title = "{Planck 2015 results. XIII. Cosmological parameters}",
  journal = {ArXiv e-prints},
archivePrefix = "arXiv",
   eprint = {1502.01589},
 keywords = {Astrophysics - Cosmology and Nongalactic Astrophysics},
     year = 2015,
    month = feb,
   adsurl = {http://adsabs.harvard.edu/abs/2015arXiv150201589P},
  adsnote = {Provided by the SAO/NASA Astrophysics Data System}
}
@ARTICLE{2004ApJS..154...10F,
   author = {{Fazio}, G.~G. and {Hora}, J.~L. and {Allen}, L.~E. and {Ashby}, M.~L.~N. and 
	{Barmby}, P. and {Deutsch}, L.~K. and {Huang}, J.-S. and {Kleiner}, S. and 
	{Marengo}, M. and {Megeath}, S.~T. and {Melnick}, G.~J. and 
	{Pahre}, M.~A. and {Patten}, B.~M. and {Polizotti}, J. and {Smith}, H.~A. and 
	{Taylor}, R.~S. and {Wang}, Z. and {Willner}, S.~P. and {Hoffmann}, W.~F. and 
	{Pipher}, J.~L. and {Forrest}, W.~J. and {McMurty}, C.~W. and 
	{McCreight}, C.~R. and {McKelvey}, M.~E. and {McMurray}, R.~E. and 
	{Koch}, D.~G. and {Moseley}, S.~H. and {Arendt}, R.~G. and {Mentzell}, J.~E. and 
	{Marx}, C.~T. and {Losch}, P. and {Mayman}, P. and {Eichhorn}, W. and 
	{Krebs}, D. and {Jhabvala}, M. and {Gezari}, D.~Y. and {Fixsen}, D.~J. and 
	{Flores}, J. and {Shakoorzadeh}, K. and {Jungo}, R. and {Hakun}, C. and 
	{Workman}, L. and {Karpati}, G. and {Kichak}, R. and {Whitley}, R. and 
	{Mann}, S. and {Tollestrup}, E.~V. and {Eisenhardt}, P. and 
	{Stern}, D. and {Gorjian}, V. and {Bhattacharya}, B. and {Carey}, S. and 
	{Nelson}, B.~O. and {Glaccum}, W.~J. and {Lacy}, M. and {Lowrance}, P.~J. and 
	{Laine}, S. and {Reach}, W.~T. and {Stauffer}, J.~A. and {Surace}, J.~A. and 
	{Wilson}, G. and {Wright}, E.~L. and {Hoffman}, A. and {Domingo}, G. and 
	{Cohen}, M.},
    title = "{The Infrared Array Camera (IRAC) for the Spitzer Space Telescope}",
  journal = {\apjs},
   eprint = {astro-ph/0405616},
 keywords = {Infrared: General, Instrumentation: Detectors, Space Vehicles: Instruments},
     year = 2004,
    month = sep,
   volume = 154,
    pages = {10-17},
      doi = {10.1086/422843},
   adsurl = {http://adsabs.harvard.edu/abs/2004ApJS..154...10F},
  adsnote = {Provided by the SAO/NASA Astrophysics Data System}
}
@INPROCEEDINGS{2006SPIE.6274E..0CM,
   author = {{Makovoz}, D. and {Roby}, T. and {Khan}, I. and {Booth}, H.},
    title = "{MOPEX: a software package for astronomical image processing and visualization}",
booktitle = {Society of Photo-Optical Instrumentation Engineers (SPIE) Conference Series},
     year = 2006,
   series = {Society of Photo-Optical Instrumentation Engineers (SPIE) Conference Series},
   volume = 6274,
    month = jun,
      eid = {62740C},
    pages = {0},
      doi = {10.1117/12.672536},
   adsurl = {http://adsabs.harvard.edu/abs/2006SPIE.6274E..0CM},
  adsnote = {Provided by the SAO/NASA Astrophysics Data System}
}
@ARTICLE{1994PASP..106..250S,
   author = {{Stetson}, P.~B.},
    title = "{The center of the core-cusp globular cluster M15: CFHT and HST Observations, ALLFRAME reductions}",
  journal = {\pasp},
 keywords = {Astronomical Photometry, Color-Color Diagram, Color-Magnitude Diagram, Globular Clusters, Calibrating, Data Reduction, Hubble Space Telescope},
     year = 1994,
    month = mar,
   volume = 106,
    pages = {250-280},
      doi = {10.1086/133378},
   adsurl = {http://adsabs.harvard.edu/abs/1994PASP..106..250S},
  adsnote = {Provided by the SAO/NASA Astrophysics Data System}
}
@ARTICLE{1987PASP...99..191S,
   author = {{Stetson}, P.~B.},
    title = "{DAOPHOT - A computer program for crowded-field stellar photometry}",
  journal = {\pasp},
 keywords = {Algorithms, Astronomical Photometry, Computer Programs, Charge Coupled Devices, Color-Magnitude Diagram, Magellanic Clouds, Point Spread Functions, Television Cameras},
     year = 1987,
    month = mar,
   volume = 99,
    pages = {191-222},
      doi = {10.1086/131977},
   adsurl = {http://adsabs.harvard.edu/abs/1987PASP...99..191S},
  adsnote = {Provided by the SAO/NASA Astrophysics Data System}
}
