@ARTICLE{2005ApJ...619..931I,
   author = {{Indebetouw}, R. and {Mathis}, J. S. and {Babler}, B. L. and 
	{Meade}, M. R. and {Watson}, C. and {Whitney}, B. A. and {Wolff}, M. J. and 
	{Wolfire}, M. G. and {Cohen}, M. and {Bania}, T. M. and {Benjamin}, R. A. and 
	{Clemens}, D. P. and {Dickey}, J. M. and {Jackson}, J. M. and 
	{Kobulnicky}, H. A. and {Marston}, A. P. and {Mercer}, E. P. and 
	{Stauffer}, J. R. and {Stolovy}, S. R. and {Churchwell}, E.},
    title = "{The Wavelength Dependence of Interstellar Extinction from 1.25 to 8.0 {$\mu$}m Using GLIMPSE Data}",
  journal = {\apj},
   eprint = {astro-ph/0406403},
 keywords = {ISM: Dust, Extinction, Infrared: ISM},
     year = 2005,
    month = feb,
   volume = 619,
    pages = {931-938},
      doi = {10.1086/426679},
   adsurl = {http://adsabs.harvard.edu/abs/2005ApJ...619..931I},
  adsnote = {Provided by the SAO/NASA Astrophysics Data System}
}
@ARTICLE{2014MNRAS.440L..96K,
   author = {{Klein}, C. R. and {Richards}, J. W. and {Butler}, N. R. and 
	{Bloom}, J. S.},
    title = "{Mid-infrared period-luminosity relations of RR Lyrae stars derived from the AllWISE Data Release}",
  journal = {\mnras},
archivePrefix = "arXiv",
   eprint = {1402.4449},
 primaryClass = "astro-ph.SR",
 keywords = {methods: statistical, stars: distances, stars: variables: RR Lyrae, infrared: stars},
     year = 2014,
    month = may,
   volume = 440,
    pages = {L96-L100},
      doi = {10.1093/mnrasl/slu031},
   adsurl = {http://adsabs.harvard.edu/abs/2014MNRAS.440L..96K},
  adsnote = {Provided by the SAO/NASA Astrophysics Data System}
}
@ARTICLE{2006MNRAS.372.1675S,
   author = {{Sollima}, A. and {Cacciari}, C. and {Valenti}, E.},
    title = "{The RR Lyrae period-K-luminosity relation for globular clusters: an observational approach}",
  journal = {\mnras},
   eprint = {astro-ph/0608397},
 keywords = {methods: observational, techniques: photometric, stars: distances, stars: variables: other, infrared: stars},
     year = 2006,
    month = nov,
   volume = 372,
    pages = {1675-1680},
      doi = {10.1111/j.1365-2966.2006.10962.x},
   adsurl = {http://adsabs.harvard.edu/abs/2006MNRAS.372.1675S},
  adsnote = {Provided by the SAO/NASA Astrophysics Data System}
}
@ARTICLE{2004ApJS..154..633C,
   author = {{Catelan}, M. and {Pritzl}, B. J. and {Smith}, H. A.},
    title = "{The RR Lyrae Period-Luminosity Relation. I. Theoretical Calibration}",
  journal = {\apjs},
   eprint = {astro-ph/0406067},
 keywords = {Cosmology: Distance Scale, Stars: Horizontal-Branch, Stars: Variables: Other},
     year = 2004,
    month = oct,
   volume = 154,
    pages = {633-649},
      doi = {10.1086/422916},
   adsurl = {http://adsabs.harvard.edu/abs/2004ApJS..154..633C},
  adsnote = {Provided by the SAO/NASA Astrophysics Data System}
}
@ARTICLE{2006A&A...445..513V,
   author = {{van de Ven}, G. and {van den Bosch}, R. C. E. and {Verolme}, E. K. and 
	{de Zeeuw}, P. T.},
    title = "{The dynamical distance and intrinsic structure of the globular cluster {$\omega$} Centauri}",
  journal = {\aap},
   eprint = {astro-ph/0509228},
 keywords = {Galaxy: globular clusters: individual: NGC 5139, Galaxy:, kinematics and dynamics},
     year = 2006,
    month = jan,
   volume = 445,
    pages = {513-543},
      doi = {10.1051/0004-6361:20053061},
   adsurl = {http://adsabs.harvard.edu/abs/2006A%26A...445..513V},
  adsnote = {Provided by the SAO/NASA Astrophysics Data System}
}
@ARTICLE{2001AJ....121.3089T,
   author = {{Thompson}, I. B. and {Kaluzny}, J. and {Pych}, W. and {Burley}, G. and 
	{Krzeminski}, W. and {Paczy{\'n}ski}, B. and {Persson}, S. E. and 
	{Preston}, G. W.},
    title = "{Cluster AgeS Experiment: The Age and Distance of the Globular Cluster {$\omega$} Centauri Determined from Observations of the Eclipsing Binary OGLEGC 17}",
  journal = {\aj},
   eprint = {astro-ph/0012493},
 keywords = {Stars: Binaries: Eclipsing, Galaxies: Distances and Redshifts, Galaxy: Globular Clusters: General},
     year = 2001,
    month = jun,
   volume = 121,
    pages = {3089-3099},
      doi = {10.1086/321084},
   adsurl = {http://adsabs.harvard.edu/abs/2001AJ....121.3089T},
  adsnote = {Provided by the SAO/NASA Astrophysics Data System}
}
@ARTICLE{1996AJ....112.2026W,
   author = {{Walker}, A. R. and {Nemec}, J. M.},
    title = "{CCD Photometry of Galactic Globular Clusters.III.IC 4499}",
  journal = {\aj},
 keywords = {GLOBULAR CLUSTERS: INDIVIDUAL: IC 4499},
     year = 1996,
    month = nov,
   volume = 112,
    pages = {2026},
      doi = {10.1086/118161},
   adsurl = {http://adsabs.harvard.edu/abs/1996AJ....112.2026W},
  adsnote = {Provided by the SAO/NASA Astrophysics Data System}
}
@ARTICLE{2004A&A...424.1101K,
   author = {{Kaluzny}, J. and {Olech}, A. and {Thompson}, I. B. and {Pych}, W. and 
	{Krzemi{\'n}ski}, W. and {Schwarzenberg-Czerny}, A.},
    title = "{Cluster AgeS ExperimentCatalog of variable stars in the globular cluster {$\omega$} Centauri}",
  journal = {\aap},
   eprint = {astro-ph/0406456},
 keywords = {catalogs, stars: variables: general, stars: variables: RR Lyr, stars: variables: Cepheids, stars: blue stragglers},
     year = 2004,
    month = sep,
   volume = 424,
    pages = {1101-1110},
      doi = {10.1051/0004-6361:20047137},
   adsurl = {http://adsabs.harvard.edu/abs/2004A%26A...424.1101K},
  adsnote = {Provided by the SAO/NASA Astrophysics Data System}
}
@ARTICLE{2006ApJ...652..362D,
   author = {{Del Principe}, M. and {Piersimoni}, A. M. and {Storm}, J. and 
	{Caputo}, F. and {Bono}, G. and {Stetson}, P. B. and {Castellani}, M. and 
	{Buonanno}, R. and {Calamida}, A. and {Corsi}, C. E. and {Dall'Ora}, M. and 
	{Ferraro}, I. and {Freyhammer}, L. M. and {Iannicola}, G. and 
	{Monelli}, M. and {Nonino}, M. and {Pulone}, L. and {Ripepi}, V.
	},
    title = "{A Pulsational Distance to {$\omega$} Centauri Based on Near-Infrared Period-Luminosity Relations of RR Lyrae Stars}",
  journal = {\apj},
   eprint = {astro-ph/0608052},
 keywords = {Cosmology: Distance Scale, Galaxy: Globular Clusters: Individual: Name: {$\omega$} Centauri, Stars: Evolution, Stars: Horizontal-Branch, Stars: Oscillations, Stars: Variables: Other},
     year = 2006,
    month = nov,
   volume = 652,
    pages = {362-369},
      doi = {10.1086/508136},
   adsurl = {http://adsabs.harvard.edu/abs/2006ApJ...652..362D},
  adsnote = {Provided by the SAO/NASA Astrophysics Data System}
}
@ARTICLE{2000AJ....119.1824R,
   author = {{Rey}, S.-C. and {Lee}, Y.-W. and {Joo}, J.-M. and {Walker}, A. and 
	{Baird}, S.},
    title = "{CCD Photometry of the Globular Cluster {$\omega$} Centauri. I. Metallicity of RR Lyrae Stars from CABY Photometry}",
  journal = {\aj},
   eprint = {astro-ph/0001101},
 keywords = {GALAXY: GLOBULAR CLUSTERS: INDIVIDUAL: NAME: {$\Omega$} CENTAURI, STARS: VARIABLES: RR LYRAE VARIABLE, STARS: ABUNDANCES, STARS: HORIZONTAL-BRANCH},
     year = 2000,
    month = apr,
   volume = 119,
    pages = {1824-1838},
      doi = {10.1086/301304},
   adsurl = {http://adsabs.harvard.edu/abs/2000AJ....119.1824R},
  adsnote = {Provided by the SAO/NASA Astrophysics Data System}
}
@ARTICLE{2014MNRAS.439.3765D,
   author = {{Dambis}, A. K. and {Rastorguev}, A. S. and {Zabolotskikh}, M. V.
	},
    title = "{Mid-infrared period-luminosity relations for globular cluster RR Lyrae}",
  journal = {\mnras},
archivePrefix = "arXiv",
   eprint = {1401.5523},
 primaryClass = "astro-ph.GA",
 keywords = {stars: distances, stars: variables: RR Lyrae, globular clusters: general, infrared: stars},
     year = 2014,
    month = apr,
   volume = 439,
    pages = {3765-3774},
      doi = {10.1093/mnras/stu226},
   adsurl = {http://adsabs.harvard.edu/abs/2014MNRAS.439.3765D},
  adsnote = {Provided by the SAO/NASA Astrophysics Data System}
}
@ARTICLE{2004ApJ...610..269D,
   author = {{Dall'Ora}, M. and {Storm}, J. and {Bono}, G. and {Ripepi}, V. and 
	{Monelli}, M. and {Testa}, V. and {Andreuzzi}, G. and {Buonanno}, R. and 
	{Caputo}, F. and {Castellani}, V. and {Corsi}, C. E. and {Marconi}, G. and 
	{Marconi}, M. and {Pulone}, L. and {Stetson}, P. B.},
    title = "{The Distance to the Large Magellanic Cloud Cluster Reticulum from the K-Band Period-Luminosity-Metallicity Relation of RR Lyrae Stars}",
  journal = {\apj},
   eprint = {astro-ph/0404098},
 keywords = {Stars: Evolution, Stars: Oscillations, Stars: Variables: Other},
     year = 2004,
    month = jul,
   volume = 610,
    pages = {269-274},
      doi = {10.1086/421513},
   adsurl = {http://adsabs.harvard.edu/abs/2004ApJ...610..269D},
  adsnote = {Provided by the SAO/NASA Astrophysics Data System}
}
@ARTICLE{2011AJ....142..192F,
   author = {{Freedman}, W. L. and {Madore}, B. F. and {Scowcroft}, V. and 
	{Monson}, A. and {Persson}, S. E. and {Seibert}, M. and {Rigby}, J. R. and 
	{Sturch}, L. and {Stetson}, P.},
    title = "{The Carnegie Hubble Program}",
  journal = {\aj},
archivePrefix = "arXiv",
   eprint = {1109.3802},
 primaryClass = "astro-ph.CO",
 keywords = {distance scale, galaxies: distances and redshifts, stars: variables: Cepheids},
     year = 2011,
    month = dec,
   volume = 142,
      eid = {192},
    pages = {192},
      doi = {10.1088/0004-6256/142/6/192},
   adsurl = {http://adsabs.harvard.edu/abs/2011AJ....142..192F},
  adsnote = {Provided by the SAO/NASA Astrophysics Data System}
}
@ARTICLE{2011ApJ...737..103S,
   author = {{Schlafly}, E. F. and {Finkbeiner}, D. P.},
    title = "{Measuring Reddening with Sloan Digital Sky Survey Stellar Spectra and Recalibrating SFD}",
  journal = {\apj},
archivePrefix = "arXiv",
   eprint = {1012.4804},
 primaryClass = "astro-ph.GA",
 keywords = {dust, extinction, Galaxy: stellar content, ISM: clouds},
     year = 2011,
    month = aug,
   volume = 737,
      eid = {103},
    pages = {103},
      doi = {10.1088/0004-637X/737/2/103},
   adsurl = {http://adsabs.harvard.edu/abs/2011ApJ...737..103S},
  adsnote = {Provided by the SAO/NASA Astrophysics Data System}
}
@ARTICLE{2013MNRAS.436.2598W,
   author = {{Watkins}, L. L. and {van de Ven}, G. and {den Brok}, M. and 
	{van den Bosch}, R. C. E.},
    title = "{Discrete dynamical models of {$\omega$} Centauri}",
  journal = {\mnras},
archivePrefix = "arXiv",
   eprint = {1308.4789},
 primaryClass = "astro-ph.GA",
 keywords = {methods: statistical, stars: kinematics and dynamics, globular clusters: individual: {$\omega$} Centauri (NGC 5139)},
     year = 2013,
    month = dec,
   volume = 436,
    pages = {2598-2615},
      doi = {10.1093/mnras/stt1756},
   adsurl = {http://adsabs.harvard.edu/abs/2013MNRAS.436.2598W},
  adsnote = {Provided by the SAO/NASA Astrophysics Data System}
}
@ARTICLE{2006ApJ...640L..43S,
   author = {{Sollima}, A. and {Borissova}, J. and {Catelan}, M. and {Smith}, H. A. and 
	{Minniti}, D. and {Cacciari}, C. and {Ferraro}, F. R.},
    title = "{New Metallicities of RR Lyrae Stars in {$\omega$} Centauri: Evidence for a Non-He-enhanced Metal-intermediate Population}",
  journal = {\apjl},
   eprint = {astro-ph/0602055},
 keywords = {Galaxy: Globular Clusters: Individual: Name: {$\omega$} Centauri, Stars: Abundances, Stars: Population II, Techniques: Spectroscopic},
     year = 2006,
    month = mar,
   volume = 640,
    pages = {L43-L46},
      doi = {10.1086/503099},
   adsurl = {http://adsabs.harvard.edu/abs/2006ApJ...640L..43S},
  adsnote = {Provided by the SAO/NASA Astrophysics Data System}
}
@ARTICLE{2013ApJ...776..135M,
   author = {{Madore}, B. F. and {Hoffman}, D. and {Freedman}, W. L. and 
	{Kollmeier}, J. A. and {Monson}, A. and {Persson}, S. E. and 
	{Rich}, Jr., J. A. and {Scowcroft}, V. and {Seibert}, M.},
    title = "{A Preliminary Calibration of the RR Lyrae Period-Luminosity Relation at Mid-infrared Wavelengths: WISE Data}",
  journal = {\apj},
archivePrefix = "arXiv",
   eprint = {1308.3160},
 primaryClass = "astro-ph.GA",
 keywords = {stars: Population II, stars: variables: RR Lyrae },
     year = 2013,
    month = oct,
   volume = 776,
      eid = {135},
    pages = {135},
      doi = {10.1088/0004-637X/776/2/135},
   adsurl = {http://adsabs.harvard.edu/abs/2013ApJ...776..135M},
  adsnote = {Provided by the SAO/NASA Astrophysics Data System}
}
@ARTICLE{2012ApJ...759..146M,
   author = {{Monson}, A.~J. and {Freedman}, W.~L. and {Madore}, B.~F. and 
	{Persson}, S.~E. and {Scowcroft}, V. and {Seibert}, M. and {Rigby}, J.~R.
	},
    title = "{The Carnegie Hubble Program: The Leavitt Law at 3.6 and 4.5 {$\mu$}m in the Milky Way}",
  journal = {\apj},
archivePrefix = "arXiv",
   eprint = {1209.4946},
 primaryClass = "astro-ph.GA",
 keywords = {infrared: stars, stars: variables: Cepheids},
     year = 2012,
    month = nov,
   volume = 759,
      eid = {146},
    pages = {146},
      doi = {10.1088/0004-637X/759/2/146},
   adsurl = {http://adsabs.harvard.edu/abs/2012ApJ...759..146M},
  adsnote = {Provided by the SAO/NASA Astrophysics Data System}
}
