@ARTICLE{2014MNRAS.440.1138E,
   author = {{Efstathiou}, G.},
    title = "{H$_{0}$ revisited}",
  journal = {\mnras},
archivePrefix = "arXiv",
   eprint = {1311.3461},
 keywords = {stars: variables: Cepheids, cosmological parameters, cosmology: distance scale},
     year = 2014,
    month = may,
   volume = 440,
    pages = {1138-1152},
      doi = {10.1093/mnras/stu278},
   adsurl = {http://adsabs.harvard.edu/abs/2014MNRAS.440.1138E},
  adsnote = {Provided by the SAO/NASA Astrophysics Data System}
}
@ARTICLE{1986MNRAS.220..279L,
   author = {{Longmore}, A.~J. and {Fernley}, J.~A. and {Jameson}, R.~F.},
    title = "{RR Lyrae stars in globular clusters - Better distances from infrared measurements?}",
  journal = {\mnras},
 keywords = {Cepheid Variables, Globular Clusters, Infrared Photometry, Infrared Stars, Stellar Physics, Distance, Metallicity, Stellar Magnitude},
     year = 1986,
    month = may,
   volume = 220,
    pages = {279-287},
      doi = {10.1093/mnras/220.2.279},
   adsurl = {http://adsabs.harvard.edu/abs/1986MNRAS.220..279L},
  adsnote = {Provided by the SAO/NASA Astrophysics Data System}
}
@ARTICLE{2005ApJ...619..931I,
   author = {{Indebetouw}, R. and {Mathis}, J.~S. and {Babler}, B.~L. and 
	{Meade}, M.~R. and {Watson}, C. and {Whitney}, B.~A. and {Wolff}, M.~J. and 
	{Wolfire}, M.~G. and {Cohen}, M. and {Bania}, T.~M. and {Benjamin}, R.~A. and 
	{Clemens}, D.~P. and {Dickey}, J.~M. and {Jackson}, J.~M. and 
	{Kobulnicky}, H.~A. and {Marston}, A.~P. and {Mercer}, E.~P. and 
	{Stauffer}, J.~R. and {Stolovy}, S.~R. and {Churchwell}, E.},
    title = "{The Wavelength Dependence of Interstellar Extinction from 1.25 to 8.0 {$\mu$}m Using GLIMPSE Data}",
  journal = {\apj},
   eprint = {astro-ph/0406403},
 keywords = {ISM: Dust, Extinction, Infrared: ISM},
     year = 2005,
    month = feb,
   volume = 619,
    pages = {931-938},
      doi = {10.1086/426679},
   adsurl = {http://adsabs.harvard.edu/abs/2005ApJ...619..931I},
  adsnote = {Provided by the SAO/NASA Astrophysics Data System}
}
@ARTICLE{2004ApJS..154...10F,
   author = {{Fazio}, G.~G. and {Hora}, J.~L. and {Allen}, L.~E. and {Ashby}, M.~L.~N. and 
	{Barmby}, P. and {Deutsch}, L.~K. and {Huang}, J.-S. and {Kleiner}, S. and 
	{Marengo}, M. and {Megeath}, S.~T. and {Melnick}, G.~J. and 
	{Pahre}, M.~A. and {Patten}, B.~M. and {Polizotti}, J. and {Smith}, H.~A. and 
	{Taylor}, R.~S. and {Wang}, Z. and {Willner}, S.~P. and {Hoffmann}, W.~F. and 
	{Pipher}, J.~L. and {Forrest}, W.~J. and {McMurty}, C.~W. and 
	{McCreight}, C.~R. and {McKelvey}, M.~E. and {McMurray}, R.~E. and 
	{Koch}, D.~G. and {Moseley}, S.~H. and {Arendt}, R.~G. and {Mentzell}, J.~E. and 
	{Marx}, C.~T. and {Losch}, P. and {Mayman}, P. and {Eichhorn}, W. and 
	{Krebs}, D. and {Jhabvala}, M. and {Gezari}, D.~Y. and {Fixsen}, D.~J. and 
	{Flores}, J. and {Shakoorzadeh}, K. and {Jungo}, R. and {Hakun}, C. and 
	{Workman}, L. and {Karpati}, G. and {Kichak}, R. and {Whitley}, R. and 
	{Mann}, S. and {Tollestrup}, E.~V. and {Eisenhardt}, P. and 
	{Stern}, D. and {Gorjian}, V. and {Bhattacharya}, B. and {Carey}, S. and 
	{Nelson}, B.~O. and {Glaccum}, W.~J. and {Lacy}, M. and {Lowrance}, P.~J. and 
	{Laine}, S. and {Reach}, W.~T. and {Stauffer}, J.~A. and {Surace}, J.~A. and 
	{Wilson}, G. and {Wright}, E.~L. and {Hoffman}, A. and {Domingo}, G. and 
	{Cohen}, M.},
    title = "{The Infrared Array Camera (IRAC) for the Spitzer Space Telescope}",
  journal = {\apjs},
   eprint = {astro-ph/0405616},
 keywords = {Infrared: General, Instrumentation: Detectors, Space Vehicles: Instruments},
     year = 2004,
    month = sep,
   volume = 154,
    pages = {10-17},
      doi = {10.1086/422843},
   adsurl = {http://adsabs.harvard.edu/abs/2004ApJS..154...10F},
  adsnote = {Provided by the SAO/NASA Astrophysics Data System}
}
@ARTICLE{2012ApJ...759..146M,
   author = {{Monson}, A.~J. and {Freedman}, W.~L. and {Madore}, B.~F. and 
	{Persson}, S.~E. and {Scowcroft}, V. and {Seibert}, M. and {Rigby}, J.~R.
	},
    title = "{The Carnegie Hubble Program: The Leavitt Law at 3.6 and 4.5 {$\mu$}m in the Milky Way}",
  journal = {\apj},
archivePrefix = "arXiv",
   eprint = {1209.4946},
 keywords = {infrared: stars, stars: variables: Cepheids},
     year = 2012,
    month = nov,
   volume = 759,
      eid = {146},
    pages = {146},
      doi = {10.1088/0004-637X/759/2/146},
   adsurl = {http://adsabs.harvard.edu/abs/2012ApJ...759..146M},
  adsnote = {Provided by the SAO/NASA Astrophysics Data System}
}
@ARTICLE{2006AJ....131.1163S,
   author = {{Skrutskie}, M.~F. and {Cutri}, R.~M. and {Stiening}, R. and 
	{Weinberg}, M.~D. and {Schneider}, S. and {Carpenter}, J.~M. and 
	{Beichman}, C. and {Capps}, R. and {Chester}, T. and {Elias}, J. and 
	{Huchra}, J. and {Liebert}, J. and {Lonsdale}, C. and {Monet}, D.~G. and 
	{Price}, S. and {Seitzer}, P. and {Jarrett}, T. and {Kirkpatrick}, J.~D. and 
	{Gizis}, J.~E. and {Howard}, E. and {Evans}, T. and {Fowler}, J. and 
	{Fullmer}, L. and {Hurt}, R. and {Light}, R. and {Kopan}, E.~L. and 
	{Marsh}, K.~A. and {McCallon}, H.~L. and {Tam}, R. and {Van Dyk}, S. and 
	{Wheelock}, S.},
    title = "{The Two Micron All Sky Survey (2MASS)}",
  journal = {\aj},
 keywords = {Catalogs, Infrared: General, Surveys},
     year = 2006,
    month = feb,
   volume = 131,
    pages = {1163-1183},
      doi = {10.1086/498708},
   adsurl = {http://adsabs.harvard.edu/abs/2006AJ....131.1163S},
  adsnote = {Provided by the SAO/NASA Astrophysics Data System}
}
@ARTICLE{2011ApJ...743...76S,
   author = {{Scowcroft}, V. and {Freedman}, W.~L. and {Madore}, B.~F. and 
	{Monson}, A.~J. and {Persson}, S.~E. and {Seibert}, M. and {Rigby}, J.~R. and 
	{Sturch}, L.},
    title = "{The Carnegie Hubble Program: The Leavitt Law at 3.6 {$\mu$}m and 4.5 {$\mu$}m in the Large Magellanic Cloud}",
  journal = {\apj},
archivePrefix = "arXiv",
   eprint = {1108.4672},
 keywords = {infrared: stars, Magellanic Clouds, stars: distances, stars: variables: Cepheids},
     year = 2011,
    month = dec,
   volume = 743,
      eid = {76},
    pages = {76},
      doi = {10.1088/0004-637X/743/1/76},
   adsurl = {http://adsabs.harvard.edu/abs/2011ApJ...743...76S},
  adsnote = {Provided by the SAO/NASA Astrophysics Data System}
}
@ARTICLE{1986A&A...169..111G,
   author = {{Gratton}, R.~G. and {Tornambe}, A. and {Ortolani}, S.},
    title = "{Spectroscopy of RR Lyrae stars in Baade's Window and in Omega Centauri}",
  journal = {\aap},
 keywords = {Centaurus Constellation, Giant Stars, Stellar Spectra, Variable Stars, Galactic Bulge, K Lines, Main Sequence Stars, Metallicity, Stellar Luminosity, Stellar Magnitude, Ultraviolet Spectra},
     year = 1986,
    month = nov,
   volume = 169,
    pages = {111-121},
   adsurl = {http://adsabs.harvard.edu/abs/1986A%26A...169..111G},
  adsnote = {Provided by the SAO/NASA Astrophysics Data System}
}
@ARTICLE{1975ApJ...201L..71F,
   author = {{Freeman}, K.~C. and {Rodgers}, A.~W.},
    title = "{The Chemical Inhomogeneity of Omega Centauri}",
  journal = {\apjl},
     year = 1975,
    month = oct,
   volume = 201,
    pages = {L71},
      doi = {10.1086/181945},
   adsurl = {http://adsabs.harvard.edu/abs/1975ApJ...201L..71F},
  adsnote = {Provided by the SAO/NASA Astrophysics Data System}
}
@INPROCEEDINGS{2006SPIE.6274E..0CM,
   author = {{Makovoz}, D. and {Roby}, T. and {Khan}, I. and {Booth}, H.},
    title = "{MOPEX: a software package for astronomical image processing and visualization}",
booktitle = {Society of Photo-Optical Instrumentation Engineers (SPIE) Conference Series},
     year = 2006,
   series = {Society of Photo-Optical Instrumentation Engineers (SPIE) Conference Series},
   volume = 6274,
    month = jun,
      eid = {62740C},
    pages = {62740C},
      doi = {10.1117/12.672536},
   adsurl = {http://adsabs.harvard.edu/abs/2006SPIE.6274E..0CM},
  adsnote = {Provided by the SAO/NASA Astrophysics Data System}
}
@INPROCEEDINGS{2005SPIE.5904...21B,
   author = {{Burriesci}, L.~G.},
    title = "{NIRCam instrument overview}",
booktitle = {Cryogenic Optical Systems and Instruments XI},
     year = 2005,
   series = {Society of Photo-Optical Instrumentation Engineers (SPIE) Conference Series},
   volume = 5904,
   editor = {{Heaney}, J.~B. and {Burriesci}, L.~G.},
    month = aug,
    pages = {21-29},
      doi = {10.1117/12.613596},
   adsurl = {http://adsabs.harvard.edu/abs/2005SPIE.5904...21B},
  adsnote = {Provided by the SAO/NASA Astrophysics Data System}
}
@ARTICLE{2014ApJ...786..147O,
   author = {{Ordo{\~n}ez}, A.~J. and {Yang}, S.-C. and {Sarajedini}, A.},
    title = "{The RR Lyrae Variable Population in the Phoenix Dwarf Galaxy}",
  journal = {\apj},
archivePrefix = "arXiv",
   eprint = {1404.1037},
 primaryClass = "astro-ph.SR",
 keywords = {dust, extinction, galaxies: dwarf, galaxies: evolution, galaxies: individual: Phoenix, stars: abundances, stars: variables: RR Lyrae},
     year = 2014,
    month = may,
   volume = 786,
      eid = {147},
    pages = {147},
      doi = {10.1088/0004-637X/786/2/147},
   adsurl = {http://adsabs.harvard.edu/abs/2014ApJ...786..147O},
  adsnote = {Provided by the SAO/NASA Astrophysics Data System}
}
@ARTICLE{1996A&AS..116..579L,
   author = {{Lindegren}, L. and {Perryman}, M.~A.~C.},
    title = "{GAIA: Global astrometric interferometer for astrophysics.}",
  journal = {\aaps},
 keywords = {ASTROMETRY, SPACE VEHICLES, PLANETARY SYSTEMS, RELATIVITY, INSTRUMENTATION: INTERFEROMETERS, GALAXY: GENERAL},
     year = 1996,
    month = may,
   volume = 116,
    pages = {579-595},
   adsurl = {http://adsabs.harvard.edu/abs/1996A%26AS..116..579L},
  adsnote = {Provided by the SAO/NASA Astrophysics Data System}
}
@ARTICLE{1991ApJ...373L..43L,
   author = {{Lee}, Y.-W.},
    title = "{The globular cluster Omega Centauri - The origin of the mysterious correlation between the RR Lyrae luminosity and Fe/H}",
  journal = {\apjl},
 keywords = {Blue Stars, Cepheid Variables, Giant Stars, Globular Clusters, Iron, Stellar Luminosity, Stellar Oscillations, Abundance, Spectral Correlation, Stellar Evolution, Stellar Models, Stellar Spectrophotometry},
     year = 1991,
    month = jun,
   volume = 373,
    pages = {L43-L46},
      doi = {10.1086/186047},
   adsurl = {http://adsabs.harvard.edu/abs/1991ApJ...373L..43L},
  adsnote = {Provided by the SAO/NASA Astrophysics Data System}
}
@ARTICLE{2012MNRAS.426.2463L,
   author = {{Liu}, C. and {Bailer-Jones}, C.~A.~L. and {Sordo}, R. and {Vallenari}, A. and 
	{Borrachero}, R. and {Luri}, X. and {Sartoretti}, P.},
    title = "{The expected performance of stellar parametrization with Gaia spectrophotometry}",
  journal = {\mnras},
archivePrefix = "arXiv",
   eprint = {1207.6005},
 primaryClass = "astro-ph.IM",
 keywords = {methods: data analysis, methods: statistical, stars: fundamental parameters, Hertzsprung, Russell and colour, magnitude diagram, dust, extinction},
     year = 2012,
    month = nov,
   volume = 426,
    pages = {2463-2482},
      doi = {10.1111/j.1365-2966.2012.21797.x},
   adsurl = {http://adsabs.harvard.edu/abs/2012MNRAS.426.2463L},
  adsnote = {Provided by the SAO/NASA Astrophysics Data System}
}
@ARTICLE{1994PASP..106..250S,
   author = {{Stetson}, P.~B.},
    title = "{The center of the core-cusp globular cluster M15: CFHT and HST Observations, ALLFRAME reductions}",
  journal = {\pasp},
 keywords = {Astronomical Photometry, Color-Color Diagram, Color-Magnitude Diagram, Globular Clusters, Calibrating, Data Reduction, Hubble Space Telescope},
     year = 1994,
    month = mar,
   volume = 106,
    pages = {250-280},
      doi = {10.1086/133378},
   adsurl = {http://adsabs.harvard.edu/abs/1994PASP..106..250S},
  adsnote = {Provided by the SAO/NASA Astrophysics Data System}
}
@ARTICLE{2007ApJ...663..296V,
   author = {{Villanova}, S. and {Piotto}, G. and {King}, I.~R. and {Anderson}, J. and 
	{Bedin}, L.~R. and {Gratton}, R.~G. and {Cassisi}, S. and {Momany}, Y. and 
	{Bellini}, A. and {Cool}, A.~M. and {Recio-Blanco}, A. and {Renzini}, A.
	},
    title = "{The Multiplicity of the Subgiant Branch of {$\omega$} Centauri: Evidence for Prolonged Star Formation}",
  journal = {\apj},
   eprint = {astro-ph/0703208},
 keywords = {Galaxy: Abundances, Galaxy: Globular Clusters: Individual: NGC Number: NGC 5139, Stars: Hertzsprung-Russell Diagram},
     year = 2007,
    month = jul,
   volume = 663,
    pages = {296-314},
      doi = {10.1086/517905},
   adsurl = {http://adsabs.harvard.edu/abs/2007ApJ...663..296V},
  adsnote = {Provided by the SAO/NASA Astrophysics Data System}
}
@ARTICLE{2015ApJ...802...20R,
   author = {{Rigault}, M. and {Aldering}, G. and {Kowalski}, M. and {Copin}, Y. and 
	{Antilogus}, P. and {Aragon}, C. and {Bailey}, S. and {Baltay}, C. and 
	{Baugh}, D. and {Bongard}, S. and {Boone}, K. and {Buton}, C. and 
	{Chen}, J. and {Chotard}, N. and {Fakhouri}, H.~K. and {Feindt}, U. and 
	{Fagrelius}, P. and {Fleury}, M. and {Fouchez}, D. and {Gangler}, E. and 
	{Hayden}, B. and {Kim}, A.~G. and {Leget}, P.-F. and {Lombardo}, S. and 
	{Nordin}, J. and {Pain}, R. and {Pecontal}, E. and {Pereira}, R. and 
	{Perlmutter}, S. and {Rabinowitz}, D. and {Runge}, K. and {Rubin}, D. and 
	{Saunders}, C. and {Smadja}, G. and {Sofiatti}, C. and {Suzuki}, N. and 
	{Tao}, C. and {Weaver}, B.~A.},
    title = "{Confirmation of a Star Formation Bias in Type Ia Supernova Distances and its Effect on the Measurement of the Hubble Constant}",
  journal = {\apj},
archivePrefix = "arXiv",
   eprint = {1412.6501},
 keywords = {cosmology: observations, distance scale, galaxies: distances and redshifts, supernovae: general, ultraviolet: galaxies},
     year = 2015,
    month = mar,
   volume = 802,
      eid = {20},
    pages = {20},
      doi = {10.1088/0004-637X/802/1/20},
   adsurl = {http://adsabs.harvard.edu/abs/2015ApJ...802...20R},
  adsnote = {Provided by the SAO/NASA Astrophysics Data System}
}
@ARTICLE{2004AJ....128.2239P,
   author = {{Persson}, S.~E. and {Madore}, B.~F. and {Krzemi{\'n}ski}, W. and 
	{Freedman}, W.~L. and {Roth}, M. and {Murphy}, D.~C.},
    title = "{New Cepheid Period-Luminosity Relations for the Large Magellanic Cloud: 92 Near-Infrared Light Curves}",
  journal = {\aj},
 keywords = {Stars: Variables: Cepheids, Cosmology: Distance Scale, Galaxies: Magellanic Clouds, Stars: Oscillations},
     year = 2004,
    month = nov,
   volume = 128,
    pages = {2239-2264},
      doi = {10.1086/424934},
   adsurl = {http://adsabs.harvard.edu/abs/2004AJ....128.2239P},
  adsnote = {Provided by the SAO/NASA Astrophysics Data System}
}
@ARTICLE{2015A&A...578A.128K,
   author = {{Kains}, N. and {Arellano Ferro}, A. and {Figuera Jaimes}, R. and 
	{Bramich}, D.~M. and {Skottfelt}, J. and {J{\o}rgensen}, U.~G. and 
	{Tsapras}, Y. and {Street}, R.~A. and {Browne}, P. and {Dominik}, M. and 
	{Horne}, K. and {Hundertmark}, M. and {Ipatov}, S. and {Snodgrass}, C. and 
	{Steele}, I.~A. and {Lcogt/Robonet Consortium} and {Alsubai}, K.~A. and 
	{Bozza}, V. and {Calchi Novati}, S. and {Ciceri}, S. and {D'Ago}, G. and 
	{Galianni}, P. and {Gu}, S.-H. and {Harps{\o}e}, K. and {Hinse}, T.~C. and 
	{Juncher}, D. and {Korhonen}, H. and {Mancini}, L. and {Popovas}, A. and 
	{Rabus}, M. and {Rahvar}, S. and {Southworth}, J. and {Surdej}, J. and 
	{Vilela}, C. and {Wang}, X.-B. and {Wertz}, O. and {Mindstep Consortium}
	},
    title = "{A census of variability in globular cluster M 68 (NGC 4590)}",
  journal = {\aap},
archivePrefix = "arXiv",
   eprint = {1502.07345},
 primaryClass = "astro-ph.SR",
 keywords = {stars: variables: RR Lyrae, stars: variables: general, globular clusters: individual: M 68},
     year = 2015,
    month = jun,
   volume = 578,
      eid = {A128},
    pages = {A128},
      doi = {10.1051/0004-6361/201424600},
   adsurl = {http://adsabs.harvard.edu/abs/2015A%26A...578A.128K},
  adsnote = {Provided by the SAO/NASA Astrophysics Data System}
}
@ARTICLE{2006SSRv..123..485G,
   author = {{Gardner}, J.~P. and {Mather}, J.~C. and {Clampin}, M. and {Doyon}, R. and 
	{Greenhouse}, M.~A. and {Hammel}, H.~B. and {Hutchings}, J.~B. and 
	{Jakobsen}, P. and {Lilly}, S.~J. and {Long}, K.~S. and {Lunine}, J.~I. and 
	{McCaughrean}, M.~J. and {Mountain}, M. and {Nella}, J. and 
	{Rieke}, G.~H. and {Rieke}, M.~J. and {Rix}, H.-W. and {Smith}, E.~P. and 
	{Sonneborn}, G. and {Stiavelli}, M. and {Stockman}, H.~S. and 
	{Windhorst}, R.~A. and {Wright}, G.~S.},
    title = "{The James Webb Space Telescope}",
  journal = {\ssr},
   eprint = {astro-ph/0606175},
 keywords = {galaxies: formation, infrared: general, planetary systems, space vehicles: instruments, stars: formation},
     year = 2006,
    month = apr,
   volume = 123,
    pages = {485-606},
      doi = {10.1007/s11214-006-8315-7},
   adsurl = {http://adsabs.harvard.edu/abs/2006SSRv..123..485G},
  adsnote = {Provided by the SAO/NASA Astrophysics Data System}
}
@ARTICLE{1989ApJ...345..245C,
   author = {{Cardelli}, J.~A. and {Clayton}, G.~C. and {Mathis}, J.~S.},
    title = "{The relationship between infrared, optical, and ultraviolet extinction}",
  journal = {\apj},
 keywords = {Infrared Spectra, Interstellar Extinction, Ultraviolet Spectra, Visible Spectrum, Computational Astrophysics, Interstellar Matter, Iue},
     year = 1989,
    month = oct,
   volume = 345,
    pages = {245-256},
      doi = {10.1086/167900},
   adsurl = {http://adsabs.harvard.edu/abs/1989ApJ...345..245C},
  adsnote = {Provided by the SAO/NASA Astrophysics Data System}
}
@ARTICLE{2013PASP..125..654P,
   author = {{Persson}, S.~E. and {Murphy}, D.~C. and {Smee}, S. and {Birk}, C. and 
	{Monson}, A.~J. and {Uomoto}, A. and {Koch}, E. and {Shectman}, S. and 
	{Barkhouser}, R. and {Orndorff}, J. and {Hammond}, R. and {Harding}, A. and 
	{Scharfstein}, G. and {Kelson}, D. and {Marshall}, J. and {McCarthy}, P.~J.
	},
    title = "{FourStar: The Near-Infrared Imager for the 6.5m Baade Telescope at Las Campanas Observatory}",
  journal = {\pasp},
 keywords = {Astronomical Instrumentation},
     year = 2013,
    month = jun,
   volume = 125,
    pages = {654-682},
      doi = {10.1086/671164},
   adsurl = {http://adsabs.harvard.edu/abs/2013PASP..125..654P},
  adsnote = {Provided by the SAO/NASA Astrophysics Data System}
}
@ARTICLE{2006ApJ...640L..43S,
   author = {{Sollima}, A. and {Borissova}, J. and {Catelan}, M. and {Smith}, H.~A. and 
	{Minniti}, D. and {Cacciari}, C. and {Ferraro}, F.~R.},
    title = "{New Metallicities of RR Lyrae Stars in {$\omega$} Centauri: Evidence for a Non-He-enhanced Metal-intermediate Population}",
  journal = {\apjl},
   eprint = {astro-ph/0602055},
 keywords = {Galaxy: Globular Clusters: Individual: Name: {$\omega$} Centauri, Stars: Abundances, Stars: Population II, Techniques: Spectroscopic},
     year = 2006,
    month = mar,
   volume = 640,
    pages = {L43-L46},
      doi = {10.1086/503099},
   adsurl = {http://adsabs.harvard.edu/abs/2006ApJ...640L..43S},
  adsnote = {Provided by the SAO/NASA Astrophysics Data System}
}
@ARTICLE{2011AJ....142..187B,
   author = {{Benedict}, G.~F. and {McArthur}, B.~E. and {Feast}, M.~W. and 
	{Barnes}, T.~G. and {Harrison}, T.~E. and {Bean}, J.~L. and 
	{Menzies}, J.~W. and {Chaboyer}, B. and {Fossati}, L. and {Nesvacil}, N. and 
	{Smith}, H.~A. and {Kolenberg}, K. and {Laney}, C.~D. and {Kochukhov}, O. and 
	{Nelan}, E.~P. and {Shulyak}, D.~V. and {Taylor}, D. and {Freedman}, W.~L.
	},
    title = "{Distance Scale Zero Points from Galactic RR Lyrae Star Parallaxes}",
  journal = {\aj},
archivePrefix = "arXiv",
   eprint = {1109.5631},
 primaryClass = "astro-ph.SR",
 keywords = {astrometry, stars: distances, stars: variables: RR Lyrae},
     year = 2011,
    month = dec,
   volume = 142,
      eid = {187},
    pages = {187},
      doi = {10.1088/0004-6256/142/6/187},
   adsurl = {http://adsabs.harvard.edu/abs/2011AJ....142..187B},
  adsnote = {Provided by the SAO/NASA Astrophysics Data System}
}
@ARTICLE{2015A&A...577A..99N,
   author = {{Navarrete}, C. and {Contreras Ramos}, R. and {Catelan}, M. and 
	{Clement}, C.~M. and {Gran}, F. and {Alonso-Garc{\'{\i}}a}, J. and 
	{Angeloni}, R. and {Hempel}, M. and {D{\'e}k{\'a}ny}, I. and 
	{Minniti}, D.},
    title = "{Updated census of RR Lyrae stars in the globular cluster {$\omega$} Centauri (NGC 5139)}",
  journal = {\aap},
archivePrefix = "arXiv",
   eprint = {1501.02286},
 primaryClass = "astro-ph.SR",
 keywords = {stars: variables: RR Lyrae, stars: variables: general, globular clusters: individual: {$\omega$}Centauri, infrared: stars, surveys, stars: horizontal-branch},
     year = 2015,
    month = may,
   volume = 577,
      eid = {A99},
    pages = {A99},
      doi = {10.1051/0004-6361/201424838},
   adsurl = {http://adsabs.harvard.edu/abs/2015A%26A...577A..99N},
  adsnote = {Provided by the SAO/NASA Astrophysics Data System}
}
@ARTICLE{1991PASP..103..933M,
   author = {{Madore}, B.~F. and {Freedman}, W.~L.},
    title = "{The Cepheid distance scale}",
  journal = {\pasp},
 keywords = {Cepheid Variables, Distance, Stellar Luminosity, Interstellar Extinction, Local Group (Astronomy), Magellanic Clouds, Metallicity, Stellar Spectrophotometry},
     year = 1991,
    month = sep,
   volume = 103,
    pages = {933-957},
      doi = {10.1086/132911},
   adsurl = {http://adsabs.harvard.edu/abs/1991PASP..103..933M},
  adsnote = {Provided by the SAO/NASA Astrophysics Data System}
}
@ARTICLE{2015ApJ...808...11N,
   author = {{Neeley}, J.~R. and {Marengo}, M. and {Bono}, G. and {Braga}, V.~F. and 
	{Dall'Ora}, M. and {Stetson}, P.~B. and {Buonanno}, R. and {Ferraro}, I. and 
	{Freedman}, W.~L. and {Iannicola}, G. and {Madore}, B.~F. and 
	{Matsunaga}, N. and {Monson}, A. and {Persson}, S.~E. and {Scowcroft}, V. and 
	{Seibert}, M.},
    title = "{On the Distance of the Globular Cluster M4 (NGC 6121) Using RR Lyrae Stars. II. Mid-infrared Period-luminosity Relations.}",
  journal = {\apj},
archivePrefix = "arXiv",
   eprint = {1505.07858},
 primaryClass = "astro-ph.SR",
 keywords = {globular clusters: individual: M4, stars: distances, stars: horizontal-branch, stars: variables: RR Lyrae},
     year = 2015,
    month = jul,
   volume = 808,
      eid = {11},
    pages = {11},
      doi = {10.1088/0004-637X/808/1/11},
   adsurl = {http://adsabs.harvard.edu/abs/2015ApJ...808...11N},
  adsnote = {Provided by the SAO/NASA Astrophysics Data System}
}
@ARTICLE{2009MNRAS.396.1287S,
   author = {{Scowcroft}, V. and {Bersier}, D. and {Mould}, J.~R. and {Wood}, P.~R.
	},
    title = "{The effect of metallicity on Cepheid magnitudes and the distance to M33}",
  journal = {\mnras},
 keywords = {catalogues , Cepheids , galaxies: distances and redshifts , galaxies: individual: M33},
     year = 2009,
    month = jul,
   volume = 396,
    pages = {1287-1296},
      doi = {10.1111/j.1365-2966.2009.14822.x},
   adsurl = {http://adsabs.harvard.edu/abs/2009MNRAS.396.1287S},
  adsnote = {Provided by the SAO/NASA Astrophysics Data System}
}
@ARTICLE{2004ApJS..154..633C,
   author = {{Catelan}, M. and {Pritzl}, B.~J. and {Smith}, H.~A.},
    title = "{The RR Lyrae Period-Luminosity Relation. I. Theoretical Calibration}",
  journal = {\apjs},
   eprint = {astro-ph/0406067},
 keywords = {Cosmology: Distance Scale, Stars: Horizontal-Branch, Stars: Variables: Other},
     year = 2004,
    month = oct,
   volume = 154,
    pages = {633-649},
      doi = {10.1086/422916},
   adsurl = {http://adsabs.harvard.edu/abs/2004ApJS..154..633C},
  adsnote = {Provided by the SAO/NASA Astrophysics Data System}
}
@ARTICLE{2013ApJ...767...62G,
   author = {{Garofalo}, A. and {Cusano}, F. and {Clementini}, G. and {Ripepi}, V. and 
	{Dall'Ora}, M. and {Moretti}, M.~I. and {Coppola}, G. and {Musella}, I. and 
	{Marconi}, M.},
    title = "{Variable Stars in the Ultra-faint Dwarf Spheroidal Galaxy Ursa Major I}",
  journal = {\apj},
archivePrefix = "arXiv",
   eprint = {1302.3230},
 keywords = {galaxies: dwarf, galaxies: individual: UMa I, Local Group, stars: distances, stars: variables: RR Lyrae, techniques: photometric},
     year = 2013,
    month = apr,
   volume = 767,
      eid = {62},
    pages = {62},
      doi = {10.1088/0004-637X/767/1/62},
   adsurl = {http://adsabs.harvard.edu/abs/2013ApJ...767...62G},
  adsnote = {Provided by the SAO/NASA Astrophysics Data System}
}
@ARTICLE{2014ApJ...791..107V,
   author = {{Villanova}, S. and {Geisler}, D. and {Gratton}, R.~G. and {Cassisi}, S.
	},
    title = "{The Metallicity Spread and the Age-Metallicity Relation of {$\omega$} Centauri}",
  journal = {\apj},
archivePrefix = "arXiv",
   eprint = {1406.5069},
 keywords = {globular clusters: general, globular clusters: individual: NGC 5139},
     year = 2014,
    month = aug,
   volume = 791,
      eid = {107},
    pages = {107},
      doi = {10.1088/0004-637X/791/2/107},
   adsurl = {http://adsabs.harvard.edu/abs/2014ApJ...791..107V},
  adsnote = {Provided by the SAO/NASA Astrophysics Data System}
}
@ARTICLE{2004A&A...424.1101K,
   author = {{Kaluzny}, J. and {Olech}, A. and {Thompson}, I.~B. and {Pych}, W. and 
	{Krzemi{\'n}ski}, W. and {Schwarzenberg-Czerny}, A.},
    title = "{Cluster AgeS ExperimentCatalog of variable stars in the globular cluster {$\omega$} Centauri}",
  journal = {\aap},
   eprint = {astro-ph/0406456},
 keywords = {catalogs, stars: variables: general, stars: variables: RR Lyr, stars: variables: Cepheids, stars: blue stragglers},
     year = 2004,
    month = sep,
   volume = 424,
    pages = {1101-1110},
      doi = {10.1051/0004-6361:20047137},
   adsurl = {http://adsabs.harvard.edu/abs/2004A%26A...424.1101K},
  adsnote = {Provided by the SAO/NASA Astrophysics Data System}
}
@ARTICLE{2015ApJ...808...11N,
   author = {{Neeley}, J.~R. and {Marengo}, M. and {Bono}, G. and {Braga}, V.~F. and 
	{Dall'Ora}, M. and {Stetson}, P.~B. and {Buonanno}, R. and {Ferraro}, I. and 
	{Freedman}, W.~L. and {Iannicola}, G. and {Madore}, B.~F. and 
	{Matsunaga}, N. and {Monson}, A. and {Persson}, S.~E. and {Scowcroft}, V. and 
	{Seibert}, M.},
    title = "{On the Distance of the Globular Cluster M4 (NGC 6121) Using RR Lyrae Stars. II. Mid-infrared Period-luminosity Relations.}",
  journal = {\apj},
archivePrefix = "arXiv",
   eprint = {1505.07858},
 primaryClass = "astro-ph.SR",
 keywords = {globular clusters: individual: M4, stars: distances, stars: horizontal-branch, stars: variables: RR Lyrae},
     year = 2015,
    month = jul,
   volume = 808,
      eid = {11},
    pages = {11},
      doi = {10.1088/0004-637X/808/1/11},
   adsurl = {http://adsabs.harvard.edu/abs/2015ApJ...808...11N},
  adsnote = {Provided by the SAO/NASA Astrophysics Data System}
}
@ARTICLE{2015ApJ...806..200C,
   author = {{Cusano}, F. and {Garofalo}, A. and {Clementini}, G. and {Cignoni}, M. and 
	{Federici}, L. and {Marconi}, M. and {Musella}, I. and {Ripepi}, V. and 
	{Speziali}, R. and {Sani}, E. and {Merighi}, R.},
    title = "{Variable Stars and Stellar Populations in Andromeda XXI. II. Another Merged Galaxy Satellite of M31?}",
  journal = {\apj},
archivePrefix = "arXiv",
   eprint = {1505.03538},
 keywords = {galaxies: dwarf, galaxies: individual: And XXI, Local Group, stars: distances, stars: variables: general, techniques: photometric},
     year = 2015,
    month = jun,
   volume = 806,
      eid = {200},
    pages = {200},
      doi = {10.1088/0004-637X/806/2/200},
   adsurl = {http://adsabs.harvard.edu/abs/2015ApJ...806..200C},
  adsnote = {Provided by the SAO/NASA Astrophysics Data System}
}
@ARTICLE{2000AJ....119.1824R,
   author = {{Rey}, S.-C. and {Lee}, Y.-W. and {Joo}, J.-M. and {Walker}, A. and 
	{Baird}, S.},
    title = "{CCD Photometry of the Globular Cluster {$\omega$} Centauri. I. Metallicity of RR Lyrae Stars from CABY Photometry}",
  journal = {\aj},
   eprint = {astro-ph/0001101},
 keywords = {GALAXY: GLOBULAR CLUSTERS: INDIVIDUAL: NAME: {$\Omega$} CENTAURI, STARS: VARIABLES: RR LYRAE VARIABLE, STARS: ABUNDANCES, STARS: HORIZONTAL-BRANCH},
     year = 2000,
    month = apr,
   volume = 119,
    pages = {1824-1838},
      doi = {10.1086/301304},
   adsurl = {http://adsabs.harvard.edu/abs/2000AJ....119.1824R},
  adsnote = {Provided by the SAO/NASA Astrophysics Data System}
}
@ARTICLE{2015ApJ...808...50M,
   author = {{Marconi}, M. and {Coppola}, G. and {Bono}, G. and {Braga}, V. and 
	{Pietrinferni}, A. and {Buonanno}, R. and {Castellani}, M. and 
	{Musella}, I. and {Ripepi}, V. and {Stellingwerf}, R.~F.},
    title = "{On a New Theoretical Framework for RR Lyrae Stars. I. The Metallicity Dependence}",
  journal = {\apj},
archivePrefix = "arXiv",
   eprint = {1505.02531},
 primaryClass = "astro-ph.SR",
 keywords = {stars: evolution, stars: horizontal-branch, stars: oscillations, stars: variables: RR Lyrae},
     year = 2015,
    month = jul,
   volume = 808,
      eid = {50},
    pages = {50},
      doi = {10.1088/0004-637X/808/1/50},
   adsurl = {http://adsabs.harvard.edu/abs/2015ApJ...808...50M},
  adsnote = {Provided by the SAO/NASA Astrophysics Data System}
}
@MISC{2012sptz.prop90002F,
   author = {{Freedman}, W. and {Scowcroft}, V. and {Madore}, B. and {Scowcroft}, V. and 
	{Clementini}, G. and {Cioni}, M.-R. and {van der Marel}, R. and 
	{Udalski}, A. and {Pietrzynski}, G. and {Soszynski}, I. and 
	{Nidever}, D. and {Kallivayalil}, N. and {Besla}, G. and {Majewski}, S. and 
	{Monson}, A. and {Seibert}, M. and {Smith}, H. and {Preston}, G. and 
	{Kollmeier}, J. and {Johnston}, K. and {Bono}, G. and {Marengo}, M. and 
	{Persson}, E. and {Thompson}, I. and {Law}, D.},
    title = "{The Carnegie RR Lyrae Program}",
howpublished = {Spitzer Proposal},
     year = 2012,
    month = sep,
   adsurl = {http://adsabs.harvard.edu/abs/2012sptz.prop90002F},
  adsnote = {Provided by the SAO/NASA Astrophysics Data System}
}
@ARTICLE{2011AJ....142..192F,
   author = {{Freedman}, W.~L. and {Madore}, B.~F. and {Scowcroft}, V. and 
	{Monson}, A. and {Persson}, S.~E. and {Seibert}, M. and {Rigby}, J.~R. and 
	{Sturch}, L. and {Stetson}, P.},
    title = "{The Carnegie Hubble Program}",
  journal = {\aj},
archivePrefix = "arXiv",
   eprint = {1109.3802},
 keywords = {distance scale, galaxies: distances and redshifts, stars: variables: Cepheids},
     year = 2011,
    month = dec,
   volume = 142,
      eid = {192},
    pages = {192},
      doi = {10.1088/0004-6256/142/6/192},
   adsurl = {http://adsabs.harvard.edu/abs/2011AJ....142..192F},
  adsnote = {Provided by the SAO/NASA Astrophysics Data System}
}
@ARTICLE{1987PASP...99..191S,
   author = {{Stetson}, P.~B.},
    title = "{DAOPHOT - A computer program for crowded-field stellar photometry}",
  journal = {\pasp},
 keywords = {Algorithms, Astronomical Photometry, Computer Programs, Charge Coupled Devices, Color-Magnitude Diagram, Magellanic Clouds, Point Spread Functions, Television Cameras},
     year = 1987,
    month = mar,
   volume = 99,
    pages = {191-222},
      doi = {10.1086/131977},
   adsurl = {http://adsabs.harvard.edu/abs/1987PASP...99..191S},
  adsnote = {Provided by the SAO/NASA Astrophysics Data System}
}
@ARTICLE{1971PASP...83..697I,
   author = {{Iben}, Jr., I.},
    title = "{Globular Cluster Stars: Results of Theoretical Evolution and Pulsation Studies Compared with the Observations}",
  journal = {\pasp},
     year = 1971,
    month = dec,
   volume = 83,
    pages = {697},
      doi = {10.1086/129210},
   adsurl = {http://adsabs.harvard.edu/abs/1971PASP...83..697I},
  adsnote = {Provided by the SAO/NASA Astrophysics Data System}
}
@ARTICLE{2013ApJ...776..135M,
   author = {{Madore}, B.~F. and {Hoffman}, D. and {Freedman}, W.~L. and 
	{Kollmeier}, J.~A. and {Monson}, A. and {Persson}, S.~E. and 
	{Rich}, Jr., J.~A. and {Scowcroft}, V. and {Seibert}, M.},
    title = "{A Preliminary Calibration of the RR Lyrae Period-Luminosity Relation at Mid-infrared Wavelengths: WISE Data}",
  journal = {\apj},
archivePrefix = "arXiv",
   eprint = {1308.3160},
 keywords = {stars: Population II, stars: variables: RR Lyrae },
     year = 2013,
    month = oct,
   volume = 776,
      eid = {135},
    pages = {135},
      doi = {10.1088/0004-637X/776/2/135},
   adsurl = {http://adsabs.harvard.edu/abs/2013ApJ...776..135M},
  adsnote = {Provided by the SAO/NASA Astrophysics Data System}
}
@ARTICLE{2001MNRAS.326.1183B,
   author = {{Bono}, G. and {Caputo}, F. and {Castellani}, V. and {Marconi}, M. and 
	{Storm}, J.},
    title = "{Theoretical insights into the RR Lyrae K-band period-luminosity relation}",
  journal = {\mnras},
   eprint = {astro-ph/0105481},
 keywords = {STARS: EVOLUTION, STARS: HORIZONTAL BRANCH, STARS: OSCILLATIONS, STARS: VARIABLES: OTHER, GLOBULAR CLUSTERS: GENERAL},
     year = 2001,
    month = sep,
   volume = 326,
    pages = {1183-1190},
      doi = {10.1046/j.1365-8711.2001.04655.x},
   adsurl = {http://adsabs.harvard.edu/abs/2001MNRAS.326.1183B},
  adsnote = {Provided by the SAO/NASA Astrophysics Data System}
}
@ARTICLE{2005PASP..117..978R,
   author = {{Reach}, W.~T. and {Megeath}, S.~T. and {Cohen}, M. and {Hora}, J. and 
	{Carey}, S. and {Surace}, J. and {Willner}, S.~P. and {Barmby}, P. and 
	{Wilson}, G. and {Glaccum}, W. and {Lowrance}, P. and {Marengo}, M. and 
	{Fazio}, G.~G.},
    title = "{Absolute Calibration of the Infrared Array Camera on the Spitzer Space Telescope}",
  journal = {\pasp},
   eprint = {astro-ph/0507139},
 keywords = {Techniques: Photometric, Infrared: Stars},
     year = 2005,
    month = sep,
   volume = 117,
    pages = {978-990},
      doi = {10.1086/432670},
   adsurl = {http://adsabs.harvard.edu/abs/2005PASP..117..978R},
  adsnote = {Provided by the SAO/NASA Astrophysics Data System}
}
@ARTICLE{2011ApJ...730..119R,
   author = {{Riess}, A.~G. and {Macri}, L. and {Casertano}, S. and {Lampeitl}, H. and 
	{Ferguson}, H.~C. and {Filippenko}, A.~V. and {Jha}, S.~W. and 
	{Li}, W. and {Chornock}, R.},
    title = "{A 3\% Solution: Determination of the Hubble Constant with the Hubble Space Telescope and Wide Field Camera 3}",
  journal = {\apj},
archivePrefix = "arXiv",
   eprint = {1103.2976},
 keywords = {cosmological parameters, dark energy, distance scale, galaxies: distances and redshifts, stars: variables: Cepheids, supernovae: general},
     year = 2011,
    month = apr,
   volume = 730,
      eid = {119},
    pages = {119},
      doi = {10.1088/0004-637X/730/2/119},
   adsurl = {http://adsabs.harvard.edu/abs/2011ApJ...730..119R},
  adsnote = {Provided by the SAO/NASA Astrophysics Data System}
}
@ARTICLE{1998ApJ...498..181K,
   author = {{Kennicutt}, Jr., R.~C. and {Stetson}, P.~B. and {Saha}, A. and 
	{Kelson}, D. and {Rawson}, D.~M. and {Sakai}, S. and {Madore}, B.~F. and 
	{Mould}, J.~R. and {Freedman}, W.~L. and {Bresolin}, F. and 
	{Ferrarese}, L. and {Ford}, H. and {Gibson}, B.~K. and {Graham}, J.~A. and 
	{Han}, M. and {Harding}, P. and {Hoessel}, J.~G. and {Huchra}, J.~P. and 
	{Hughes}, S.~M.~G. and {Illingworth}, G.~D. and {Macri}, L.~M. and 
	{Phelps}, R.~L. and {Silbermann}, N.~A. and {Turner}, A.~M. and 
	{Wood}, P.~R.},
    title = "{The Hubble Space Telescope Key Project on the Extragalactic Distance Scale. XIII. The Metallicity Dependence of the Cepheid Distance Scale}",
  journal = {\apj},
   eprint = {astro-ph/9712055},
 keywords = {STARS: VARIABLES: CEPHEIDS, COSMOLOGY: DISTANCE SCALE, GALAXIES: DISTANCES AND REDSHIFTS, GALAXIES: INDIVIDUAL MESSIER NUMBER: M101, GALAXIES: INDIVIDUAL NGC NUMBER: NGC 5457, Stars: Variables: Cepheids, Cosmology: Distance Scale, Galaxies: Distances and Redshifts, Galaxies: Individual: Messier Number: M101, Galaxies: Individual: NGC Number: NGC 5457},
     year = 1998,
    month = may,
   volume = 498,
    pages = {181-194},
      doi = {10.1086/305538},
   adsurl = {http://adsabs.harvard.edu/abs/1998ApJ...498..181K},
  adsnote = {Provided by the SAO/NASA Astrophysics Data System}
}
@ARTICLE{2015ApJ...799..165B,
   author = {{Braga}, V.~F. and {Dall'Ora}, M. and {Bono}, G. and {Stetson}, P.~B. and 
	{Ferraro}, I. and {Iannicola}, G. and {Marengo}, M. and {Neeley}, J. and 
	{Persson}, S.~E. and {Buonanno}, R. and {Coppola}, G. and {Freedman}, W. and 
	{Madore}, B.~F. and {Marconi}, M. and {Matsunaga}, N. and {Monson}, A. and 
	{Rich}, J. and {Scowcroft}, V. and {Seibert}, M.},
    title = "{On the Distance of the Globular Cluster M4 (NGC 6121) Using RR Lyrae Stars. I. Optical and Near-infrared Period-Luminosity and Period-Wesenheit Relations}",
  journal = {\apj},
archivePrefix = "arXiv",
   eprint = {1411.6826},
 keywords = {globular clusters: individual: M4, stars: distances, stars: horizontal-branch, stars: variables: RR Lyrae},
     year = 2015,
    month = feb,
   volume = 799,
      eid = {165},
    pages = {165},
      doi = {10.1088/0004-637X/799/2/165},
   adsurl = {http://adsabs.harvard.edu/abs/2015ApJ...799..165B},
  adsnote = {Provided by the SAO/NASA Astrophysics Data System}
}
@ARTICLE{2016ApJ...816...49S,
   author = {{Scowcroft}, V. and {Freedman}, W.~L. and {Madore}, B.~F. and 
	{Monson}, A. and {Persson}, S.~E. and {Rich}, J. and {Seibert}, M. and 
	{Rigby}, J.~R.},
    title = "{The Carnegie Hubble Program: The Distance and Structure of the SMC as Revealed by Mid-infrared Observations of Cepheids}",
  journal = {\apj},
archivePrefix = "arXiv",
   eprint = {1502.06995},
 keywords = {galaxies: individual: SMC, stars: variables: Cepheids},
     year = 2016,
    month = jan,
   volume = 816,
      eid = {49},
    pages = {49},
      doi = {10.3847/0004-637X/816/2/49},
   adsurl = {http://adsabs.harvard.edu/abs/2016ApJ...816...49S},
  adsnote = {Provided by the SAO/NASA Astrophysics Data System}
}
@ARTICLE{2012ApJ...758...24F,
   author = {{Freedman}, W.~L. and {Madore}, B.~F. and {Scowcroft}, V. and 
	{Burns}, C. and {Monson}, A. and {Persson}, S.~E. and {Seibert}, M. and 
	{Rigby}, J.},
    title = "{Carnegie Hubble Program: A Mid-infrared Calibration of the Hubble Constant}",
  journal = {\apj},
archivePrefix = "arXiv",
   eprint = {1208.3281},
 keywords = {cosmological parameters, cosmology: observations, distance scale, galaxies: distances and redshifts, stars: variables: Cepheids},
     year = 2012,
    month = oct,
   volume = 758,
      eid = {24},
    pages = {24},
      doi = {10.1088/0004-637X/758/1/24},
   adsurl = {http://adsabs.harvard.edu/abs/2012ApJ...758...24F},
  adsnote = {Provided by the SAO/NASA Astrophysics Data System}
}
@ARTICLE{2015arXiv150201589P,
   author = {{Planck Collaboration} and {Ade}, P.~A.~R. and {Aghanim}, N. and 
	{Arnaud}, M. and {Ashdown}, M. and {Aumont}, J. and {Baccigalupi}, C. and 
	{Banday}, A.~J. and {Barreiro}, R.~B. and {Bartlett}, J.~G. and et al.},
    title = "{Planck 2015 results. XIII. Cosmological parameters}",
  journal = {ArXiv e-prints},
archivePrefix = "arXiv",
   eprint = {1502.01589},
 keywords = {Astrophysics - Cosmology and Nongalactic Astrophysics},
     year = 2015,
    month = feb,
   adsurl = {http://adsabs.harvard.edu/abs/2015arXiv150201589P},
  adsnote = {Provided by the SAO/NASA Astrophysics Data System}
}
@ARTICLE{2015ApJ...808...11N,
   author = {{Neeley}, J.~R. and {Marengo}, M. and {Bono}, G. and {Braga}, V.~F. and 
	{Dall'Ora}, M. and {Stetson}, P.~B. and {Buonanno}, R. and {Ferraro}, I. and 
	{Freedman}, W.~L. and {Iannicola}, G. and {Madore}, B.~F. and 
	{Matsunaga}, N. and {Monson}, A. and {Persson}, S.~E. and {Scowcroft}, V. and 
	{Seibert}, M.},
    title = "{On the Distance of the Globular Cluster M4 (NGC 6121) Using RR Lyrae Stars. II. Mid-infrared Period-luminosity Relations.}",
  journal = {\apj},
archivePrefix = "arXiv",
   eprint = {1505.07858},
 primaryClass = "astro-ph.SR",
 keywords = {globular clusters: individual: M4, stars: distances, stars: horizontal-branch, stars: variables: RR Lyrae},
     year = 2015,
    month = jul,
   volume = 808,
      eid = {11},
    pages = {11},
      doi = {10.1088/0004-637X/808/1/11},
   adsurl = {http://adsabs.harvard.edu/abs/2015ApJ...808...11N},
  adsnote = {Provided by the SAO/NASA Astrophysics Data System}
}
