@ARTICLE{2014MNRAS.440.1138E,
   author = {{Efstathiou}, G.},
    title = "{H$_{0}$ revisited}",
  journal = {\mnras},
archivePrefix = "arXiv",
   eprint = {1311.3461},
 keywords = {stars: variables: Cepheids, cosmological parameters, cosmology: distance scale},
     year = 2014,
    month = may,
   volume = 440,
    pages = {1138-1152},
      doi = {10.1093/mnras/stu278},
   adsurl = {http://adsabs.harvard.edu/abs/2014MNRAS.440.1138E},
  adsnote = {Provided by the SAO/NASA Astrophysics Data System}
}
@ARTICLE{1986MNRAS.220..279L,
   author = {{Longmore}, A.~J. and {Fernley}, J.~A. and {Jameson}, R.~F.},
    title = "{RR Lyrae stars in globular clusters - Better distances from infrared measurements?}",
  journal = {\mnras},
 keywords = {Cepheid Variables, Globular Clusters, Infrared Photometry, Infrared Stars, Stellar Physics, Distance, Metallicity, Stellar Magnitude},
     year = 1986,
    month = may,
   volume = 220,
    pages = {279-287},
      doi = {10.1093/mnras/220.2.279},
   adsurl = {http://adsabs.harvard.edu/abs/1986MNRAS.220..279L},
  adsnote = {Provided by the SAO/NASA Astrophysics Data System}
}
@ARTICLE{2016MNRAS.457.4525T,
   author = {{Tailo}, M. and {Di Criscienzo}, M. and {D'Antona}, F. and {Caloi}, V. and 
	{Ventura}, P.},
    title = "{The mosaic multiple stellar populations in {$\omega$} Centauri: the horizontal branch and the main sequence}",
  journal = {\mnras},
archivePrefix = "arXiv",
   eprint = {1602.02535},
 primaryClass = "astro-ph.SR",
 keywords = {stars: horizontal branch, stars: low-mass, stars: variables RR Lyrae, globular clusters: individual: ({$\omega$} Centauri)},
     year = 2016,
    month = apr,
   volume = 457,
    pages = {4525-4535},
      doi = {10.1093/mnras/stw319},
   adsurl = {http://adsabs.harvard.edu/abs/2016MNRAS.457.4525T},
  adsnote = {Provided by the SAO/NASA Astrophysics Data System}
}
@ARTICLE{2013PASP..125..654P,
   author = {{Persson}, S.~E. and {Murphy}, D.~C. and {Smee}, S. and {Birk}, C. and 
	{Monson}, A.~J. and {Uomoto}, A. and {Koch}, E. and {Shectman}, S. and 
	{Barkhouser}, R. and {Orndorff}, J. and {Hammond}, R. and {Harding}, A. and 
	{Scharfstein}, G. and {Kelson}, D. and {Marshall}, J. and {McCarthy}, P.~J.
	},
    title = "{FourStar: The Near-Infrared Imager for the 6.5{\nbsp}m Baade Telescope at Las Campanas Observatory}",
  journal = {\pasp},
     year = 2013,
    month = jun,
   volume = 125,
    pages = {654-682},
      doi = {10.1086/671164},
   adsurl = {http://adsabs.harvard.edu/abs/2013PASP..125..654P},
  adsnote = {Provided by the SAO/NASA Astrophysics Data System}
}
@ARTICLE{2004ApJS..154...10F,
   author = {{Fazio}, G.~G. and {Hora}, J.~L. and {Allen}, L.~E. and {Ashby}, M.~L.~N. and 
	{Barmby}, P. and {Deutsch}, L.~K. and {Huang}, J.-S. and {Kleiner}, S. and 
	{Marengo}, M. and {Megeath}, S.~T. and {Melnick}, G.~J. and 
	{Pahre}, M.~A. and {Patten}, B.~M. and {Polizotti}, J. and {Smith}, H.~A. and 
	{Taylor}, R.~S. and {Wang}, Z. and {Willner}, S.~P. and {Hoffmann}, W.~F. and 
	{Pipher}, J.~L. and {Forrest}, W.~J. and {McMurty}, C.~W. and 
	{McCreight}, C.~R. and {McKelvey}, M.~E. and {McMurray}, R.~E. and 
	{Koch}, D.~G. and {Moseley}, S.~H. and {Arendt}, R.~G. and {Mentzell}, J.~E. and 
	{Marx}, C.~T. and {Losch}, P. and {Mayman}, P. and {Eichhorn}, W. and 
	{Krebs}, D. and {Jhabvala}, M. and {Gezari}, D.~Y. and {Fixsen}, D.~J. and 
	{Flores}, J. and {Shakoorzadeh}, K. and {Jungo}, R. and {Hakun}, C. and 
	{Workman}, L. and {Karpati}, G. and {Kichak}, R. and {Whitley}, R. and 
	{Mann}, S. and {Tollestrup}, E.~V. and {Eisenhardt}, P. and 
	{Stern}, D. and {Gorjian}, V. and {Bhattacharya}, B. and {Carey}, S. and 
	{Nelson}, B.~O. and {Glaccum}, W.~J. and {Lacy}, M. and {Lowrance}, P.~J. and 
	{Laine}, S. and {Reach}, W.~T. and {Stauffer}, J.~A. and {Surace}, J.~A. and 
	{Wilson}, G. and {Wright}, E.~L. and {Hoffman}, A. and {Domingo}, G. and 
	{Cohen}, M.},
    title = "{The Infrared Array Camera (IRAC) for the Spitzer Space Telescope}",
  journal = {\apjs},
   eprint = {astro-ph/0405616},
 keywords = {Infrared: General, Instrumentation: Detectors, Space Vehicles: Instruments},
     year = 2004,
    month = sep,
   volume = 154,
    pages = {10-17},
      doi = {10.1086/422843},
   adsurl = {http://adsabs.harvard.edu/abs/2004ApJS..154...10F},
  adsnote = {Provided by the SAO/NASA Astrophysics Data System}
}
@ARTICLE{2008MmSAI..79..342S,
   author = {{Sollima}, A. and {Ferraro}, F.~R. and {Pancino}, E. and {Bellazzini}, M.
	},
    title = "{The puzzling origin and evolution of stellar populations in omega  Centauri}",
  journal = {\memsai},
 keywords = {Galaxy: globular clusters : omega Cen, Stars: Population II, Stars: evolution},
     year = 2008,
   volume = 79,
    pages = {342},
   adsurl = {http://adsabs.harvard.edu/abs/2008MmSAI..79..342S},
  adsnote = {Provided by the SAO/NASA Astrophysics Data System}
}
@INPROCEEDINGS{2006SPIE.6274E..0CM,
   author = {{Makovoz}, D. and {Roby}, T. and {Khan}, I. and {Booth}, H.},
    title = "{MOPEX: a software package for astronomical image processing and visualization}",
booktitle = {Society of Photo-Optical Instrumentation Engineers (SPIE) Conference Series},
     year = 2006,
   series = {\procspie},
   volume = 6274,
    month = jun,
      eid = {62740C},
    pages = {62740C},
      doi = {10.1117/12.672536},
   adsurl = {http://adsabs.harvard.edu/abs/2006SPIE.6274E..0CM},
  adsnote = {Provided by the SAO/NASA Astrophysics Data System}
}
@ARTICLE{2006AJ....131.1163S,
   author = {{Skrutskie}, M.~F. and {Cutri}, R.~M. and {Stiening}, R. and 
	{Weinberg}, M.~D. and {Schneider}, S. and {Carpenter}, J.~M. and 
	{Beichman}, C. and {Capps}, R. and {Chester}, T. and {Elias}, J. and 
	{Huchra}, J. and {Liebert}, J. and {Lonsdale}, C. and {Monet}, D.~G. and 
	{Price}, S. and {Seitzer}, P. and {Jarrett}, T. and {Kirkpatrick}, J.~D. and 
	{Gizis}, J.~E. and {Howard}, E. and {Evans}, T. and {Fowler}, J. and 
	{Fullmer}, L. and {Hurt}, R. and {Light}, R. and {Kopan}, E.~L. and 
	{Marsh}, K.~A. and {McCallon}, H.~L. and {Tam}, R. and {Van Dyk}, S. and 
	{Wheelock}, S.},
    title = "{The Two Micron All Sky Survey (2MASS)}",
  journal = {\aj},
 keywords = {Catalogs, Infrared: General, Surveys},
     year = 2006,
    month = feb,
   volume = 131,
    pages = {1163-1183},
      doi = {10.1086/498708},
   adsurl = {http://adsabs.harvard.edu/abs/2006AJ....131.1163S},
  adsnote = {Provided by the SAO/NASA Astrophysics Data System}
}
@ARTICLE{2011ApJ...743...76S,
   author = {{Scowcroft}, V. and {Freedman}, W.~L. and {Madore}, B.~F. and 
	{Monson}, A.~J. and {Persson}, S.~E. and {Seibert}, M. and {Rigby}, J.~R. and 
	{Sturch}, L.},
    title = "{The Carnegie Hubble Program: The Leavitt Law at 3.6 {$\mu$}m and 4.5 {$\mu$}m in the Large Magellanic Cloud}",
  journal = {\apj},
archivePrefix = "arXiv",
   eprint = {1108.4672},
 keywords = {infrared: stars, Magellanic Clouds, stars: distances, stars: variables: Cepheids},
     year = 2011,
    month = dec,
   volume = 743,
      eid = {76},
    pages = {76},
      doi = {10.1088/0004-637X/743/1/76},
   adsurl = {http://adsabs.harvard.edu/abs/2011ApJ...743...76S},
  adsnote = {Provided by the SAO/NASA Astrophysics Data System}
}
@INPROCEEDINGS{2005SPIE.5904...21B,
   author = {{Burriesci}, L.~G.},
    title = "{NIRCam instrument overview}",
booktitle = {Cryogenic Optical Systems and Instruments XI},
     year = 2005,
   series = {\procspie},
   volume = 5904,
   editor = {{Heaney}, J.~B. and {Burriesci}, L.~G.},
    month = aug,
    pages = {21-29},
      doi = {10.1117/12.613596},
   adsurl = {http://adsabs.harvard.edu/abs/2005SPIE.5904...21B},
  adsnote = {Provided by the SAO/NASA Astrophysics Data System}
}
@ARTICLE{2015AJ....150...90K,
   author = {{Karczmarek}, P. and {Pietrzy{\acute}ski}, G. and {Gieren}, W. and 
	{Suchomska}, K. and {Konorski}, P. and {G{\'o}rski}, M. and 
	{Pilecki}, B. and {Graczyk}, D. and {Wielg{\'o}rski}, P.},
    title = "{The Araucaria Project: The Distance to the Carina Dwarf Galaxy from Infrared Photometry of RR Lyrae Stars}",
  journal = {\aj},
archivePrefix = "arXiv",
   eprint = {1507.07713},
 keywords = {distance scale, galaxies: distances and redshifts, galaxies: individual: Carina, infrared: stars, stars: individual: RR Lyrae},
     year = 2015,
    month = sep,
   volume = 150,
      eid = {90},
    pages = {90},
      doi = {10.1088/0004-6256/150/3/90},
   adsurl = {http://adsabs.harvard.edu/abs/2015AJ....150...90K},
  adsnote = {Provided by the SAO/NASA Astrophysics Data System}
}
@INPROCEEDINGS{2002ASPC..265...95L,
   author = {{Lub}, J.},
    title = "{The Reddening of {$\omega$} Centauri: E(B-V) = 0.11}",
booktitle = {Omega Centauri, A Unique Window into Astrophysics},
     year = 2002,
   series = {Astronomical Society of the Pacific Conference Series},
   volume = 265,
   editor = {{van Leeuwen}, F. and {Hughes}, J.~D. and {Piotto}, G.},
    pages = {95},
   adsurl = {http://adsabs.harvard.edu/abs/2002ASPC..265...95L},
  adsnote = {Provided by the SAO/NASA Astrophysics Data System}
}
@ARTICLE{2001MNRAS.326.1183B,
   author = {{Bono}, G. and {Caputo}, F. and {Castellani}, V. and {Marconi}, M. and 
	{Storm}, J.},
    title = "{Theoretical insights into the RR Lyrae K-band period-luminosity relation}",
  journal = {\mnras},
   eprint = {astro-ph/0105481},
 keywords = {STARS: EVOLUTION, STARS: HORIZONTAL BRANCH, STARS: OSCILLATIONS, STARS: VARIABLES: OTHER, GLOBULAR CLUSTERS: GENERAL},
     year = 2001,
    month = sep,
   volume = 326,
    pages = {1183-1190},
      doi = {10.1046/j.1365-8711.2001.04655.x},
   adsurl = {http://adsabs.harvard.edu/abs/2001MNRAS.326.1183B},
  adsnote = {Provided by the SAO/NASA Astrophysics Data System}
}
@ARTICLE{1996A&AS..116..579L,
   author = {{Lindegren}, L. and {Perryman}, M.~A.~C.},
    title = "{GAIA: Global astrometric interferometer for astrophysics.}",
  journal = {\aaps},
 keywords = {ASTROMETRY, SPACE VEHICLES, PLANETARY SYSTEMS, RELATIVITY, INSTRUMENTATION: INTERFEROMETERS, GALAXY: GENERAL},
     year = 1996,
    month = may,
   volume = 116,
    pages = {579-595},
   adsurl = {http://adsabs.harvard.edu/abs/1996A%26AS..116..579L},
  adsnote = {Provided by the SAO/NASA Astrophysics Data System}
}
@ARTICLE{2015ApJ...807..127M,
   author = {{Muraveva}, T. and {Palmer}, M. and {Clementini}, G. and {Luri}, X. and 
	{Cioni}, M.-R.~L. and {Moretti}, M.~I. and {Marconi}, M. and 
	{Ripepi}, V. and {Rubele}, S.},
    title = "{New Near-infrared Period-Luminosity-Metallicity Relations for RR Lyrae Stars and the Outlook for Gaia}",
  journal = {\apj},
archivePrefix = "arXiv",
   eprint = {1505.06001},
 primaryClass = "astro-ph.SR",
 keywords = {astrometry, distance scale, Magellanic Clouds, methods: data analysis, stars: statistics, stars: variables: RR Lyrae},
     year = 2015,
    month = jul,
   volume = 807,
      eid = {127},
    pages = {127},
      doi = {10.1088/0004-637X/807/2/127},
   adsurl = {http://adsabs.harvard.edu/abs/2015ApJ...807..127M},
  adsnote = {Provided by the SAO/NASA Astrophysics Data System}
}
@ARTICLE{1994AJ....108..222N,
   author = {{Nemec}, J.~M. and {Nemec}, A.~F.~L. and {Lutz}, T.~E.},
    title = "{Period-luminosity-metallicity relations, pulsation modes, absolute magnitudes, and distances for population 2 variable stars}",
  journal = {\aj},
 keywords = {Metallicity, Periodic Variations, Stellar Luminosity, Stellar Magnitude, Variable Stars, Cepheid Variables, Globular Clusters, Lyra Constellation, Tables (Data)},
     year = 1994,
    month = jul,
   volume = 108,
    pages = {222-246},
      doi = {10.1086/117062},
   adsurl = {http://adsabs.harvard.edu/abs/1994AJ....108..222N},
  adsnote = {Provided by the SAO/NASA Astrophysics Data System}
}
@ARTICLE{1994PASP..106..250S,
   author = {{Stetson}, P.~B.},
    title = "{The center of the core-cusp globular cluster M15: CFHT and HST Observations, ALLFRAME reductions}",
  journal = {\pasp},
 keywords = {Astronomical Photometry, Color-Color Diagram, Color-Magnitude Diagram, Globular Clusters, Calibrating, Data Reduction, Hubble Space Telescope},
     year = 1994,
    month = mar,
   volume = 106,
    pages = {250-280},
      doi = {10.1086/133378},
   adsurl = {http://adsabs.harvard.edu/abs/1994PASP..106..250S},
  adsnote = {Provided by the SAO/NASA Astrophysics Data System}
}
@ARTICLE{2000AJ....119.1824R,
   author = {{Rey}, S.-C. and {Lee}, Y.-W. and {Joo}, J.-M. and {Walker}, A. and 
	{Baird}, S.},
    title = "{CCD Photometry of the Globular Cluster {$\omega$} Centauri. I. Metallicity of RR Lyrae Stars from CABY Photometry}",
  journal = {\aj},
   eprint = {astro-ph/0001101},
 keywords = {GALAXY: GLOBULAR CLUSTERS: INDIVIDUAL: NAME: {$\Omega$} CENTAURI, STARS: VARIABLES: RR LYRAE VARIABLE, STARS: ABUNDANCES, STARS: HORIZONTAL-BRANCH},
     year = 2000,
    month = apr,
   volume = 119,
    pages = {1824-1838},
      doi = {10.1086/301304},
   adsurl = {http://adsabs.harvard.edu/abs/2000AJ....119.1824R},
  adsnote = {Provided by the SAO/NASA Astrophysics Data System}
}
@ARTICLE{2003MNRAS.344.1097B,
   author = {{Bono}, G. and {Caputo}, F. and {Castellani}, V. and {Marconi}, M. and 
	{Storm}, J. and {Degl'Innocenti}, S.},
    title = "{A pulsational approach to near-infrared and visual magnitudes of RR Lyr stars}",
  journal = {\mnras},
   eprint = {astro-ph/0306142},
 keywords = {stars: evolution, stars: horizontal branch, stars: oscillations, stars: variables: other, globular clusters: general},
     year = 2003,
    month = oct,
   volume = 344,
    pages = {1097-1106},
      doi = {10.1046/j.1365-8711.2003.06878.x},
   adsurl = {http://adsabs.harvard.edu/abs/2003MNRAS.344.1097B},
  adsnote = {Provided by the SAO/NASA Astrophysics Data System}
}
@ARTICLE{2015ApJ...802...20R,
   author = {{Rigault}, M. and {Aldering}, G. and {Kowalski}, M. and {Copin}, Y. and 
	{Antilogus}, P. and {Aragon}, C. and {Bailey}, S. and {Baltay}, C. and 
	{Baugh}, D. and {Bongard}, S. and {Boone}, K. and {Buton}, C. and 
	{Chen}, J. and {Chotard}, N. and {Fakhouri}, H.~K. and {Feindt}, U. and 
	{Fagrelius}, P. and {Fleury}, M. and {Fouchez}, D. and {Gangler}, E. and 
	{Hayden}, B. and {Kim}, A.~G. and {Leget}, P.-F. and {Lombardo}, S. and 
	{Nordin}, J. and {Pain}, R. and {Pecontal}, E. and {Pereira}, R. and 
	{Perlmutter}, S. and {Rabinowitz}, D. and {Runge}, K. and {Rubin}, D. and 
	{Saunders}, C. and {Smadja}, G. and {Sofiatti}, C. and {Suzuki}, N. and 
	{Tao}, C. and {Weaver}, B.~A.},
    title = "{Confirmation of a Star Formation Bias in Type Ia Supernova Distances and its Effect on the Measurement of the Hubble Constant}",
  journal = {\apj},
archivePrefix = "arXiv",
   eprint = {1412.6501},
 keywords = {cosmology: observations, distance scale, galaxies: distances and redshifts, supernovae: general, ultraviolet: galaxies},
     year = 2015,
    month = mar,
   volume = 802,
      eid = {20},
    pages = {20},
      doi = {10.1088/0004-637X/802/1/20},
   adsurl = {http://adsabs.harvard.edu/abs/2015ApJ...802...20R},
  adsnote = {Provided by the SAO/NASA Astrophysics Data System}
}
@ARTICLE{1986A&A...169..111G,
   author = {{Gratton}, R.~G. and {Tornambe}, A. and {Ortolani}, S.},
    title = "{Spectroscopy of RR Lyrae stars in Baade's Window and in Omega Centauri}",
  journal = {\aap},
 keywords = {Centaurus Constellation, Giant Stars, Stellar Spectra, Variable Stars, Galactic Bulge, K Lines, Main Sequence Stars, Metallicity, Stellar Luminosity, Stellar Magnitude, Ultraviolet Spectra},
     year = 1986,
    month = nov,
   volume = 169,
    pages = {111-121},
   adsurl = {http://adsabs.harvard.edu/abs/1986A%26A...169..111G},
  adsnote = {Provided by the SAO/NASA Astrophysics Data System}
}
@ARTICLE{2015ApJ...799..165B,
   author = {{Braga}, V.~F. and {Dall'Ora}, M. and {Bono}, G. and {Stetson}, P.~B. and 
	{Ferraro}, I. and {Iannicola}, G. and {Marengo}, M. and {Neeley}, J. and 
	{Persson}, S.~E. and {Buonanno}, R. and {Coppola}, G. and {Freedman}, W. and 
	{Madore}, B.~F. and {Marconi}, M. and {Matsunaga}, N. and {Monson}, A. and 
	{Rich}, J. and {Scowcroft}, V. and {Seibert}, M.},
    title = "{On the Distance of the Globular Cluster M4 (NGC 6121) Using RR Lyrae Stars. I. Optical and Near-infrared Period-Luminosity and Period-Wesenheit Relations}",
  journal = {\apj},
archivePrefix = "arXiv",
   eprint = {1411.6826},
 keywords = {globular clusters: individual: M4, stars: distances, stars: horizontal-branch, stars: variables: RR Lyrae},
     year = 2015,
    month = feb,
   volume = 799,
      eid = {165},
    pages = {165},
      doi = {10.1088/0004-637X/799/2/165},
   adsurl = {http://adsabs.harvard.edu/abs/2015ApJ...799..165B},
  adsnote = {Provided by the SAO/NASA Astrophysics Data System}
}
@ARTICLE{2010AJ....140.1868W,
   author = {{Wright}, E.~L. and {Eisenhardt}, P.~R.~M. and {Mainzer}, A.~K. and 
	{Ressler}, M.~E. and {Cutri}, R.~M. and {Jarrett}, T. and {Kirkpatrick}, J.~D. and 
	{Padgett}, D. and {McMillan}, R.~S. and {Skrutskie}, M. and 
	{Stanford}, S.~A. and {Cohen}, M. and {Walker}, R.~G. and {Mather}, J.~C. and 
	{Leisawitz}, D. and {Gautier}, III, T.~N. and {McLean}, I. and 
	{Benford}, D. and {Lonsdale}, C.~J. and {Blain}, A. and {Mendez}, B. and 
	{Irace}, W.~R. and {Duval}, V. and {Liu}, F. and {Royer}, D. and 
	{Heinrichsen}, I. and {Howard}, J. and {Shannon}, M. and {Kendall}, M. and 
	{Walsh}, A.~L. and {Larsen}, M. and {Cardon}, J.~G. and {Schick}, S. and 
	{Schwalm}, M. and {Abid}, M. and {Fabinsky}, B. and {Naes}, L. and 
	{Tsai}, C.-W.},
    title = "{The Wide-field Infrared Survey Explorer (WISE): Mission Description and Initial On-orbit Performance}",
  journal = {\aj},
archivePrefix = "arXiv",
   eprint = {1008.0031},
 primaryClass = "astro-ph.IM",
 keywords = {infrared: general, space vehicles, surveys},
     year = 2010,
    month = dec,
   volume = 140,
      eid = {1868-1881},
    pages = {1868-1881},
      doi = {10.1088/0004-6256/140/6/1868},
   adsurl = {http://adsabs.harvard.edu/abs/2010AJ....140.1868W},
  adsnote = {Provided by the SAO/NASA Astrophysics Data System}
}
@ARTICLE{2006SSRv..123..485G,
   author = {{Gardner}, J.~P. and {Mather}, J.~C. and {Clampin}, M. and {Doyon}, R. and 
	{Greenhouse}, M.~A. and {Hammel}, H.~B. and {Hutchings}, J.~B. and 
	{Jakobsen}, P. and {Lilly}, S.~J. and {Long}, K.~S. and {Lunine}, J.~I. and 
	{McCaughrean}, M.~J. and {Mountain}, M. and {Nella}, J. and 
	{Rieke}, G.~H. and {Rieke}, M.~J. and {Rix}, H.-W. and {Smith}, E.~P. and 
	{Sonneborn}, G. and {Stiavelli}, M. and {Stockman}, H.~S. and 
	{Windhorst}, R.~A. and {Wright}, G.~S.},
    title = "{The James Webb Space Telescope}",
  journal = {\ssr},
   eprint = {astro-ph/0606175},
 keywords = {galaxies: formation, infrared: general, planetary systems, space vehicles: instruments, stars: formation},
     year = 2006,
    month = apr,
   volume = 123,
    pages = {485-606},
      doi = {10.1007/s11214-006-8315-7},
   adsurl = {http://adsabs.harvard.edu/abs/2006SSRv..123..485G},
  adsnote = {Provided by the SAO/NASA Astrophysics Data System}
}
@ARTICLE{1989ApJ...345..245C,
   author = {{Cardelli}, J.~A. and {Clayton}, G.~C. and {Mathis}, J.~S.},
    title = "{The relationship between infrared, optical, and ultraviolet extinction}",
  journal = {\apj},
 keywords = {Infrared Spectra, Interstellar Extinction, Ultraviolet Spectra, Visible Spectrum, Computational Astrophysics, Interstellar Matter, Iue},
     year = 1989,
    month = oct,
   volume = 345,
    pages = {245-256},
      doi = {10.1086/167900},
   adsurl = {http://adsabs.harvard.edu/abs/1989ApJ...345..245C},
  adsnote = {Provided by the SAO/NASA Astrophysics Data System}
}
@ARTICLE{2006MmSAI..77..245C,
   author = {{Cacciari}, C. and {Sollima}, A. and {Ferraro}, F.~R.},
    title = "{RR Lyrae variables in omega  Centauri (NGC 5139)}",
  journal = {\memsai},
 keywords = {Stars: variables: RR Lyrae, Stars: abundances, Stars: evolution, Galaxy: globular clusters: general Galaxy: globular clusters: individual: NGC 5139},
     year = 2006,
   volume = 77,
    pages = {245},
   adsurl = {http://adsabs.harvard.edu/abs/2006MmSAI..77..245C},
  adsnote = {Provided by the SAO/NASA Astrophysics Data System}
}
@ARTICLE{2006ApJ...640L..43S,
   author = {{Sollima}, A. and {Borissova}, J. and {Catelan}, M. and {Smith}, H.~A. and 
	{Minniti}, D. and {Cacciari}, C. and {Ferraro}, F.~R.},
    title = "{New Metallicities of RR Lyrae Stars in {$\omega$} Centauri: Evidence for a Non-He-enhanced Metal-intermediate Population}",
  journal = {\apjl},
   eprint = {astro-ph/0602055},
 keywords = {Galaxy: Globular Clusters: Individual: Name: {$\omega$} Centauri, Stars: Abundances, Stars: Population II, Techniques: Spectroscopic},
     year = 2006,
    month = mar,
   volume = 640,
    pages = {L43-L46},
      doi = {10.1086/503099},
   adsurl = {http://adsabs.harvard.edu/abs/2006ApJ...640L..43S},
  adsnote = {Provided by the SAO/NASA Astrophysics Data System}
}
@ARTICLE{2012MNRAS.426.2463L,
   author = {{Liu}, C. and {Bailer-Jones}, C.~A.~L. and {Sordo}, R. and {Vallenari}, A. and 
	{Borrachero}, R. and {Luri}, X. and {Sartoretti}, P.},
    title = "{The expected performance of stellar parametrization with Gaia spectrophotometry}",
  journal = {\mnras},
archivePrefix = "arXiv",
   eprint = {1207.6005},
 primaryClass = "astro-ph.IM",
 keywords = {methods: data analysis, methods: statistical, stars: fundamental parameters, Hertzsprung, Russell and colour, magnitude diagram, dust, extinction},
     year = 2012,
    month = nov,
   volume = 426,
    pages = {2463-2482},
      doi = {10.1111/j.1365-2966.2012.21797.x},
   adsurl = {http://adsabs.harvard.edu/abs/2012MNRAS.426.2463L},
  adsnote = {Provided by the SAO/NASA Astrophysics Data System}
}
@ARTICLE{2005ApJ...619..931I,
   author = {{Indebetouw}, R. and {Mathis}, J.~S. and {Babler}, B.~L. and 
	{Meade}, M.~R. and {Watson}, C. and {Whitney}, B.~A. and {Wolff}, M.~J. and 
	{Wolfire}, M.~G. and {Cohen}, M. and {Bania}, T.~M. and {Benjamin}, R.~A. and 
	{Clemens}, D.~P. and {Dickey}, J.~M. and {Jackson}, J.~M. and 
	{Kobulnicky}, H.~A. and {Marston}, A.~P. and {Mercer}, E.~P. and 
	{Stauffer}, J.~R. and {Stolovy}, S.~R. and {Churchwell}, E.},
    title = "{The Wavelength Dependence of Interstellar Extinction from 1.25 to 8.0 {$\mu$}m Using GLIMPSE Data}",
  journal = {\apj},
   eprint = {astro-ph/0406403},
 keywords = {ISM: Dust, Extinction, Infrared: ISM},
     year = 2005,
    month = feb,
   volume = 619,
    pages = {931-938},
      doi = {10.1086/426679},
   adsurl = {http://adsabs.harvard.edu/abs/2005ApJ...619..931I},
  adsnote = {Provided by the SAO/NASA Astrophysics Data System}
}
@ARTICLE{2009MNRAS.396.1287S,
   author = {{Scowcroft}, V. and {Bersier}, D. and {Mould}, J.~R. and {Wood}, P.~R.
	},
    title = "{The effect of metallicity on Cepheid magnitudes and the distance to M33}",
  journal = {\mnras},
 keywords = {catalogues , Cepheids , galaxies: distances and redshifts , galaxies: individual: M33},
     year = 2009,
    month = jul,
   volume = 396,
    pages = {1287-1296},
      doi = {10.1111/j.1365-2966.2009.14822.x},
   adsurl = {http://adsabs.harvard.edu/abs/2009MNRAS.396.1287S},
  adsnote = {Provided by the SAO/NASA Astrophysics Data System}
}
@ARTICLE{2004ApJS..154..633C,
   author = {{Catelan}, M. and {Pritzl}, B.~J. and {Smith}, H.~A.},
    title = "{The RR Lyrae Period-Luminosity Relation. I. Theoretical Calibration}",
  journal = {\apjs},
   eprint = {astro-ph/0406067},
 keywords = {Cosmology: Distance Scale, Stars: Horizontal-Branch, Stars: Variables: Other},
     year = 2004,
    month = oct,
   volume = 154,
    pages = {633-649},
      doi = {10.1086/422916},
   adsurl = {http://adsabs.harvard.edu/abs/2004ApJS..154..633C},
  adsnote = {Provided by the SAO/NASA Astrophysics Data System}
}
@ARTICLE{2015A&A...577A..99N,
   author = {{Navarrete}, C. and {Contreras Ramos}, R. and {Catelan}, M. and 
	{Clement}, C.~M. and {Gran}, F. and {Alonso-Garc{\'{\i}}a}, J. and 
	{Angeloni}, R. and {Hempel}, M. and {D{\'e}k{\'a}ny}, I. and 
	{Minniti}, D.},
    title = "{Updated census of RR Lyrae stars in the globular cluster {$\omega$} Centauri (NGC 5139)}",
  journal = {\aap},
archivePrefix = "arXiv",
   eprint = {1501.02286},
 primaryClass = "astro-ph.SR",
 keywords = {stars: variables: RR Lyrae, stars: variables: general, globular clusters: individual: {$\omega$}Centauri, infrared: stars, surveys, stars: horizontal-branch},
     year = 2015,
    month = may,
   volume = 577,
      eid = {A99},
    pages = {A99},
      doi = {10.1051/0004-6361/201424838},
   adsurl = {http://adsabs.harvard.edu/abs/2015A%26A...577A..99N},
  adsnote = {Provided by the SAO/NASA Astrophysics Data System}
}
@ARTICLE{2014ApJ...791..107V,
   author = {{Villanova}, S. and {Geisler}, D. and {Gratton}, R.~G. and {Cassisi}, S.
	},
    title = "{The Metallicity Spread and the Age-Metallicity Relation of {$\omega$} Centauri}",
  journal = {\apj},
archivePrefix = "arXiv",
   eprint = {1406.5069},
 keywords = {globular clusters: general, globular clusters: individual: NGC 5139},
     year = 2014,
    month = aug,
   volume = 791,
      eid = {107},
    pages = {107},
      doi = {10.1088/0004-637X/791/2/107},
   adsurl = {http://adsabs.harvard.edu/abs/2014ApJ...791..107V},
  adsnote = {Provided by the SAO/NASA Astrophysics Data System}
}
@ARTICLE{2015ApJ...808...11N,
   author = {{Neeley}, J.~R. and {Marengo}, M. and {Bono}, G. and {Braga}, V.~F. and 
	{Dall'Ora}, M. and {Stetson}, P.~B. and {Buonanno}, R. and {Ferraro}, I. and 
	{Freedman}, W.~L. and {Iannicola}, G. and {Madore}, B.~F. and 
	{Matsunaga}, N. and {Monson}, A. and {Persson}, S.~E. and {Scowcroft}, V. and 
	{Seibert}, M.},
    title = "{On the Distance of the Globular Cluster M4 (NGC 6121) Using RR Lyrae Stars. II. Mid-infrared Period-luminosity Relations.}",
  journal = {\apj},
archivePrefix = "arXiv",
   eprint = {1505.07858},
 primaryClass = "astro-ph.SR",
 keywords = {globular clusters: individual: M4, stars: distances, stars: horizontal-branch, stars: variables: RR Lyrae},
     year = 2015,
    month = jul,
   volume = 808,
      eid = {11},
    pages = {11},
      doi = {10.1088/0004-637X/808/1/11},
   adsurl = {http://adsabs.harvard.edu/abs/2015ApJ...808...11N},
  adsnote = {Provided by the SAO/NASA Astrophysics Data System}
}
@ARTICLE{2004A&A...424.1101K,
   author = {{Kaluzny}, J. and {Olech}, A. and {Thompson}, I.~B. and {Pych}, W. and 
	{Krzemi{\'n}ski}, W. and {Schwarzenberg-Czerny}, A.},
    title = "{Cluster AgeS ExperimentCatalog of variable stars in the globular cluster {$\omega$} Centauri}",
  journal = {\aap},
   eprint = {astro-ph/0406456},
 keywords = {catalogs, stars: variables: general, stars: variables: RR Lyr, stars: variables: Cepheids, stars: blue stragglers},
     year = 2004,
    month = sep,
   volume = 424,
    pages = {1101-1110},
      doi = {10.1051/0004-6361:20047137},
   adsurl = {http://adsabs.harvard.edu/abs/2004A%26A...424.1101K},
  adsnote = {Provided by the SAO/NASA Astrophysics Data System}
}
@ARTICLE{2012ApJ...746...14M,
   author = {{Marino}, A.~F. and {Milone}, A.~P. and {Piotto}, G. and {Cassisi}, S. and 
	{D'Antona}, F. and {Anderson}, J. and {Aparicio}, A. and {Bedin}, L.~R. and 
	{Renzini}, A. and {Villanova}, S.},
    title = "{The C+N+O Abundance of {$\omega$} Centauri Giant Stars: Implications for the Chemical-enrichment Scenario and the Relative Ages of Different Stellar Populations}",
  journal = {\apj},
archivePrefix = "arXiv",
   eprint = {1111.1891},
 primaryClass = "astro-ph.SR",
 keywords = {globular clusters: individual: NGC 5139, stars: abundances, stars: Population II},
     year = 2012,
    month = feb,
   volume = 746,
      eid = {14},
    pages = {14},
      doi = {10.1088/0004-637X/746/1/14},
   adsurl = {http://adsabs.harvard.edu/abs/2012ApJ...746...14M},
  adsnote = {Provided by the SAO/NASA Astrophysics Data System}
}
@ARTICLE{1991ApJ...373L..43L,
   author = {{Lee}, Y.-W.},
    title = "{The globular cluster Omega Centauri - The origin of the mysterious correlation between the RR Lyrae luminosity and Fe/H}",
  journal = {\apjl},
 keywords = {Blue Stars, Cepheid Variables, Giant Stars, Globular Clusters, Iron, Stellar Luminosity, Stellar Oscillations, Abundance, Spectral Correlation, Stellar Evolution, Stellar Models, Stellar Spectrophotometry},
     year = 1991,
    month = jun,
   volume = 373,
    pages = {L43-L46},
      doi = {10.1086/186047},
   adsurl = {http://adsabs.harvard.edu/abs/1991ApJ...373L..43L},
  adsnote = {Provided by the SAO/NASA Astrophysics Data System}
}
@ARTICLE{2003MNRAS.345...86O,
   author = {{Olech}, A. and {Kaluzny}, J. and {Thompson}, I.~B. and {Schwarzenberg-Czerny}, A.
	},
    title = "{Cluster AgeS Experiment (CASE): RR Lyrae stars from the globular cluster {$\omega$} Centauri as standard candles}",
  journal = {\mnras},
   eprint = {astro-ph/0306303},
 keywords = {stars: variables: other, globular clusters: individual: {$\omega$} Centauri},
     year = 2003,
    month = oct,
   volume = 345,
    pages = {86-96},
      doi = {10.1046/j.1365-8711.2003.06930.x},
   adsurl = {http://adsabs.harvard.edu/abs/2003MNRAS.345...86O},
  adsnote = {Provided by the SAO/NASA Astrophysics Data System}
}
@ARTICLE{2015ApJ...808...50M,
   author = {{Marconi}, M. and {Coppola}, G. and {Bono}, G. and {Braga}, V. and 
	{Pietrinferni}, A. and {Buonanno}, R. and {Castellani}, M. and 
	{Musella}, I. and {Ripepi}, V. and {Stellingwerf}, R.~F.},
    title = "{On a New Theoretical Framework for RR Lyrae Stars. I. The Metallicity Dependence}",
  journal = {\apj},
archivePrefix = "arXiv",
   eprint = {1505.02531},
 primaryClass = "astro-ph.SR",
 keywords = {stars: evolution, stars: horizontal-branch, stars: oscillations, stars: variables: RR Lyrae},
     year = 2015,
    month = jul,
   volume = 808,
      eid = {50},
    pages = {50},
      doi = {10.1088/0004-637X/808/1/50},
   adsurl = {http://adsabs.harvard.edu/abs/2015ApJ...808...50M},
  adsnote = {Provided by the SAO/NASA Astrophysics Data System}
}
@MISC{2012sptz.prop90002F,
   author = {{Freedman}, W. and {Scowcroft}, V. and {Madore}, B. and {Scowcroft}, V. and 
	{Clementini}, G. and {Cioni}, M.-R. and {van der Marel}, R. and 
	{Udalski}, A. and {Pietrzynski}, G. and {Soszynski}, I. and 
	{Nidever}, D. and {Kallivayalil}, N. and {Besla}, G. and {Majewski}, S. and 
	{Monson}, A. and {Seibert}, M. and {Smith}, H. and {Preston}, G. and 
	{Kollmeier}, J. and {Johnston}, K. and {Bono}, G. and {Marengo}, M. and 
	{Persson}, E. and {Thompson}, I. and {Law}, D.},
    title = "{The Carnegie RR Lyrae Program}",
howpublished = {Spitzer Proposal},
     year = 2012,
    month = sep,
   adsurl = {http://adsabs.harvard.edu/abs/2012sptz.prop90002F},
  adsnote = {Provided by the SAO/NASA Astrophysics Data System}
}
@ARTICLE{2014yCat.2328....0C,
   author = {{Cutri}, R.~M. and {et al.}},
    title = "{VizieR Online Data Catalog: AllWISE Data Release (Cutri+ 2013)}",
  journal = {VizieR Online Data Catalog},
 keywords = {WISE},
     year = 2014,
    month = jan,
   volume = 2328,
   adsurl = {http://adsabs.harvard.edu/abs/2014yCat.2328....0C},
  adsnote = {Provided by the SAO/NASA Astrophysics Data System}
}
@ARTICLE{2011AJ....142..192F,
   author = {{Freedman}, W.~L. and {Madore}, B.~F. and {Scowcroft}, V. and 
	{Monson}, A. and {Persson}, S.~E. and {Seibert}, M. and {Rigby}, J.~R. and 
	{Sturch}, L. and {Stetson}, P.},
    title = "{The Carnegie Hubble Program}",
  journal = {\aj},
archivePrefix = "arXiv",
   eprint = {1109.3802},
 keywords = {distance scale, galaxies: distances and redshifts, stars: variables: Cepheids},
     year = 2011,
    month = dec,
   volume = 142,
      eid = {192},
    pages = {192},
      doi = {10.1088/0004-6256/142/6/192},
   adsurl = {http://adsabs.harvard.edu/abs/2011AJ....142..192F},
  adsnote = {Provided by the SAO/NASA Astrophysics Data System}
}
@ARTICLE{1987PASP...99..191S,
   author = {{Stetson}, P.~B.},
    title = "{DAOPHOT - A computer program for crowded-field stellar photometry}",
  journal = {\pasp},
 keywords = {Algorithms, Astronomical Photometry, Computer Programs, Charge Coupled Devices, Color-Magnitude Diagram, Magellanic Clouds, Point Spread Functions, Television Cameras},
     year = 1987,
    month = mar,
   volume = 99,
    pages = {191-222},
      doi = {10.1086/131977},
   adsurl = {http://adsabs.harvard.edu/abs/1987PASP...99..191S},
  adsnote = {Provided by the SAO/NASA Astrophysics Data System}
}
@ARTICLE{1971PASP...83..697I,
   author = {{Iben}, Jr., I.},
    title = "{Globular Cluster Stars: Results of Theoretical Evolution and Pulsation Studies Compared with the Observations}",
  journal = {\pasp},
     year = 1971,
    month = dec,
   volume = 83,
    pages = {697},
      doi = {10.1086/129210},
   adsurl = {http://adsabs.harvard.edu/abs/1971PASP...83..697I},
  adsnote = {Provided by the SAO/NASA Astrophysics Data System}
}
@ARTICLE{2013ApJ...776..135M,
   author = {{Madore}, B.~F. and {Hoffman}, D. and {Freedman}, W.~L. and 
	{Kollmeier}, J.~A. and {Monson}, A. and {Persson}, S.~E. and 
	{Rich}, Jr., J.~A. and {Scowcroft}, V. and {Seibert}, M.},
    title = "{A Preliminary Calibration of the RR Lyrae Period-Luminosity Relation at Mid-infrared Wavelengths: WISE Data}",
  journal = {\apj},
archivePrefix = "arXiv",
   eprint = {1308.3160},
 keywords = {stars: Population II, stars: variables: RR Lyrae },
     year = 2013,
    month = oct,
   volume = 776,
      eid = {135},
    pages = {135},
      doi = {10.1088/0004-637X/776/2/135},
   adsurl = {http://adsabs.harvard.edu/abs/2013ApJ...776..135M},
  adsnote = {Provided by the SAO/NASA Astrophysics Data System}
}
@ARTICLE{2016MNRAS.tmp..421S,
   author = {{Scowcroft}, V. and {Seibert}, M. and {Freedman}, W.~L. and 
	{Beaton}, R.~L. and {Madore}, B.~F. and {Monson}, A.~J. and 
	{Rich}, J.~A. and {Rigby}, J.~R.},
    title = "{The Carnegie Chicago Hubble Program: The Mid-Infrared Colours of Cepheids and the Effect of Metallicity on the CO Band-head at 4.6 {$\mu$}m}",
  journal = {\mnras},
archivePrefix = "arXiv",
   eprint = {1603.03776},
 primaryClass = "astro-ph.SR",
 keywords = {stars: variables: Cepheids, stars: abundances, infrared: stars},
     year = 2016,
    month = mar,
      doi = {10.1093/mnras/stw628},
   adsurl = {http://adsabs.harvard.edu/abs/2016MNRAS.tmp..421S},
  adsnote = {Provided by the SAO/NASA Astrophysics Data System}
}
@ARTICLE{1986ApJ...303....1A,
   author = {{Aaronson}, M. and {Mould}, J.},
    title = "{The distance scale - Present status and future prospects}",
  journal = {\apj},
 keywords = {Astrometry, Big Bang Cosmology, Distance, Galactic Rotation, Hubble Constant, Luminosity, Cepheid Variables, Hubble Space Telescope, Infrared Radiation, Scale (Ratio), Supergiant Stars, Supernovae},
     year = 1986,
    month = apr,
   volume = 303,
    pages = {1-9},
      doi = {10.1086/164046},
   adsurl = {http://adsabs.harvard.edu/abs/1986ApJ...303....1A},
  adsnote = {Provided by the SAO/NASA Astrophysics Data System}
}
@ARTICLE{2005PASP..117..978R,
   author = {{Reach}, W.~T. and {Megeath}, S.~T. and {Cohen}, M. and {Hora}, J. and 
	{Carey}, S. and {Surace}, J. and {Willner}, S.~P. and {Barmby}, P. and 
	{Wilson}, G. and {Glaccum}, W. and {Lowrance}, P. and {Marengo}, M. and 
	{Fazio}, G.~G.},
    title = "{Absolute Calibration of the Infrared Array Camera on the Spitzer Space Telescope}",
  journal = {\pasp},
   eprint = {astro-ph/0507139},
 keywords = {Techniques: Photometric, Infrared: Stars},
     year = 2005,
    month = sep,
   volume = 117,
    pages = {978-990},
      doi = {10.1086/432670},
   adsurl = {http://adsabs.harvard.edu/abs/2005PASP..117..978R},
  adsnote = {Provided by the SAO/NASA Astrophysics Data System}
}
@ARTICLE{2011ApJ...730..119R,
   author = {{Riess}, A.~G. and {Macri}, L. and {Casertano}, S. and {Lampeitl}, H. and 
	{Ferguson}, H.~C. and {Filippenko}, A.~V. and {Jha}, S.~W. and 
	{Li}, W. and {Chornock}, R.},
    title = "{A 3\% Solution: Determination of the Hubble Constant with the Hubble Space Telescope and Wide Field Camera 3}",
  journal = {\apj},
archivePrefix = "arXiv",
   eprint = {1103.2976},
 keywords = {cosmological parameters, dark energy, distance scale, galaxies: distances and redshifts, stars: variables: Cepheids, supernovae: general},
     year = 2011,
    month = apr,
   volume = 730,
      eid = {119},
    pages = {119},
      doi = {10.1088/0004-637X/730/2/119},
   adsurl = {http://adsabs.harvard.edu/abs/2011ApJ...730..119R},
  adsnote = {Provided by the SAO/NASA Astrophysics Data System}
}
@ARTICLE{2006ApJ...652..362D,
   author = {{Del Principe}, M. and {Piersimoni}, A.~M. and {Storm}, J. and 
	{Caputo}, F. and {Bono}, G. and {Stetson}, P.~B. and {Castellani}, M. and 
	{Buonanno}, R. and {Calamida}, A. and {Corsi}, C.~E. and {Dall'Ora}, M. and 
	{Ferraro}, I. and {Freyhammer}, L.~M. and {Iannicola}, G. and 
	{Monelli}, M. and {Nonino}, M. and {Pulone}, L. and {Ripepi}, V.
	},
    title = "{A Pulsational Distance to {$\omega$} Centauri Based on Near-Infrared Period-Luminosity Relations of RR Lyrae Stars}",
  journal = {\apj},
   eprint = {astro-ph/0608052},
 keywords = {Cosmology: Distance Scale, Galaxy: Globular Clusters: Individual: Name: {$\omega$} Centauri, Stars: Evolution, Stars: Horizontal-Branch, Stars: Oscillations, Stars: Variables: Other},
     year = 2006,
    month = nov,
   volume = 652,
    pages = {362-369},
      doi = {10.1086/508136},
   adsurl = {http://adsabs.harvard.edu/abs/2006ApJ...652..362D},
  adsnote = {Provided by the SAO/NASA Astrophysics Data System}
}
@ARTICLE{1998ApJ...498..181K,
   author = {{Kennicutt}, Jr., R.~C. and {Stetson}, P.~B. and {Saha}, A. and 
	{Kelson}, D. and {Rawson}, D.~M. and {Sakai}, S. and {Madore}, B.~F. and 
	{Mould}, J.~R. and {Freedman}, W.~L. and {Bresolin}, F. and 
	{Ferrarese}, L. and {Ford}, H. and {Gibson}, B.~K. and {Graham}, J.~A. and 
	{Han}, M. and {Harding}, P. and {Hoessel}, J.~G. and {Huchra}, J.~P. and 
	{Hughes}, S.~M.~G. and {Illingworth}, G.~D. and {Macri}, L.~M. and 
	{Phelps}, R.~L. and {Silbermann}, N.~A. and {Turner}, A.~M. and 
	{Wood}, P.~R.},
    title = "{The Hubble Space Telescope Key Project on the Extragalactic Distance Scale. XIII. The Metallicity Dependence of the Cepheid Distance Scale}",
  journal = {\apj},
   eprint = {astro-ph/9712055},
 keywords = {STARS: VARIABLES: CEPHEIDS, COSMOLOGY: DISTANCE SCALE, GALAXIES: DISTANCES AND REDSHIFTS, GALAXIES: INDIVIDUAL MESSIER NUMBER: M101, GALAXIES: INDIVIDUAL NGC NUMBER: NGC 5457, Stars: Variables: Cepheids, Cosmology: Distance Scale, Galaxies: Distances and Redshifts, Galaxies: Individual: Messier Number: M101, Galaxies: Individual: NGC Number: NGC 5457},
     year = 1998,
    month = may,
   volume = 498,
    pages = {181-194},
      doi = {10.1086/305538},
   adsurl = {http://adsabs.harvard.edu/abs/1998ApJ...498..181K},
  adsnote = {Provided by the SAO/NASA Astrophysics Data System}
}
@ARTICLE{2015PKAS...30..183D,
   author = {{Dambis}, A.~K. and {Berdnikov}, L.~N. and {Kniazev}, A.~Y. and 
	{Kravtsov}, V.~V. and {Rastorguev}, A.~S. and {Sefako}, R. and 
	{Vozyakova}, O.~V. and {Zabolotskikh}, M.~V.},
    title = "{Mid-Infrared Period-Metallicity Relations and Kinematics of RR Lyrae Variables}",
  journal = {Publication of Korean Astronomical Society},
     year = 2015,
    month = sep,
   volume = 30,
    pages = {183-187},
      doi = {10.5303/PKAS.2015.30.2.183},
   adsurl = {http://adsabs.harvard.edu/abs/2015PKAS...30..183D},
  adsnote = {Provided by the SAO/NASA Astrophysics Data System}
}
@ARTICLE{2010ApJ...722.1373J,
   author = {{Johnson}, C.~I. and {Pilachowski}, C.~A.},
    title = "{Chemical Abundances for 855 Giants in the Globular Cluster Omega Centauri (NGC 5139)}",
  journal = {\apj},
archivePrefix = "arXiv",
   eprint = {1008.2232},
 primaryClass = "astro-ph.SR",
 keywords = {globular clusters: general, globular clusters: individual: Omega Centauri, stars: abundances, stars: Population II},
     year = 2010,
    month = oct,
   volume = 722,
    pages = {1373-1410},
      doi = {10.1088/0004-637X/722/2/1373},
   adsurl = {http://adsabs.harvard.edu/abs/2010ApJ...722.1373J},
  adsnote = {Provided by the SAO/NASA Astrophysics Data System}
}
@ARTICLE{2012ApJ...758...24F,
   author = {{Freedman}, W.~L. and {Madore}, B.~F. and {Scowcroft}, V. and 
	{Burns}, C. and {Monson}, A. and {Persson}, S.~E. and {Seibert}, M. and 
	{Rigby}, J.},
    title = "{Carnegie Hubble Program: A Mid-infrared Calibration of the Hubble Constant}",
  journal = {\apj},
archivePrefix = "arXiv",
   eprint = {1208.3281},
 keywords = {cosmological parameters, cosmology: observations, distance scale, galaxies: distances and redshifts, stars: variables: Cepheids},
     year = 2012,
    month = oct,
   volume = 758,
      eid = {24},
    pages = {24},
      doi = {10.1088/0004-637X/758/1/24},
   adsurl = {http://adsabs.harvard.edu/abs/2012ApJ...758...24F},
  adsnote = {Provided by the SAO/NASA Astrophysics Data System}
}
@ARTICLE{2016MNRAS.457.4525T,
   author = {{Tailo}, M. and {Di Criscienzo}, M. and {D'Antona}, F. and {Caloi}, V. and 
	{Ventura}, P.},
    title = "{The mosaic multiple stellar populations in {$\omega$} Centauri: the horizontal branch and the main sequence}",
  journal = {\mnras},
archivePrefix = "arXiv",
   eprint = {1602.02535},
 primaryClass = "astro-ph.SR",
 keywords = {stars: horizontal branch, stars: low-mass, stars: variables RR Lyrae, globular clusters: individual: ({$\omega$} Centauri)},
     year = 2016,
    month = apr,
   volume = 457,
    pages = {4525-4535},
      doi = {10.1093/mnras/stw319},
   adsurl = {http://adsabs.harvard.edu/abs/2016MNRAS.457.4525T},
  adsnote = {Provided by the SAO/NASA Astrophysics Data System}
}
@ARTICLE{2016MNRAS.tmp..421S,
   author = {{Scowcroft}, V. and {Seibert}, M. and {Freedman}, W.~L. and 
	{Beaton}, R.~L. and {Madore}, B.~F. and {Monson}, A.~J. and 
	{Rich}, J.~A. and {Rigby}, J.~R.},
    title = "{The Carnegie Chicago Hubble Program: The Mid-Infrared Colours of Cepheids and the Effect of Metallicity on the CO Band-head at 4.6 {$\mu$}m}",
  journal = {\mnras},
archivePrefix = "arXiv",
   eprint = {1603.03776},
 primaryClass = "astro-ph.SR",
 keywords = {stars: variables: Cepheids, stars: abundances, infrared: stars},
     year = 2016,
    month = mar,
      doi = {10.1093/mnras/stw628},
   adsurl = {http://adsabs.harvard.edu/abs/2016MNRAS.tmp..421S},
  adsnote = {Provided by the SAO/NASA Astrophysics Data System}
}
@ARTICLE{2014MNRAS.439.3765D,
   author = {{Dambis}, A.~K. and {Rastorguev}, A.~S. and {Zabolotskikh}, M.~V.
	},
    title = "{Mid-infrared period-luminosity relations for globular cluster RR Lyrae}",
  journal = {\mnras},
archivePrefix = "arXiv",
   eprint = {1401.5523},
 primaryClass = "astro-ph.GA",
 keywords = {stars: distances, stars: variables: RR Lyrae, globular clusters: general, infrared: stars},
     year = 2014,
    month = apr,
   volume = 439,
    pages = {3765-3774},
      doi = {10.1093/mnras/stu226},
   adsurl = {http://adsabs.harvard.edu/abs/2014MNRAS.439.3765D},
  adsnote = {Provided by the SAO/NASA Astrophysics Data System}
}
@ARTICLE{2013wise.rept....1C,
   author = {{Cutri}, R.~M. and {Wright}, E.~L. and {Conrow}, T. and {Fowler}, J.~W. and 
	{Eisenhardt}, P.~R.~M. and {Grillmair}, C. and {Kirkpatrick}, J.~D. and 
	{Masci}, F. and {McCallon}, H.~L. and {Wheelock}, S.~L. and 
	{Fajardo-Acosta}, S. and {Yan}, L. and {Benford}, D. and {Harbut}, M. and 
	{Jarrett}, T. and {Lake}, S. and {Leisawitz}, D. and {Ressler}, M.~E. and 
	{Stanford}, S.~A. and {Tsai}, C.~W. and {Liu}, F. and {Helou}, G. and 
	{Mainzer}, A. and {Gettings}, D. and {Gonzalez}, A. and {Hoffman}, D. and 
	{Marsh}, K.~A. and {Padgett}, D. and {Skrutskie}, M.~F. and 
	{Beck}, R.~P. and {Papin}, M. and {Wittman}, M.},
    title = "{Explanatory Supplement to the AllWISE Data Release Products}",
 keywords = {Infrared Astronomy, Infrared Sources, Catalogs, Space Observatories, Manuals},
booktitle = {Explanatory Supplement to the AllWISE Data Release Products, by R. M. Cutri et al. },
     year = 2013,
    month = nov,
   adsurl = {http://adsabs.harvard.edu/abs/2013wise.rept....1C},
  adsnote = {Provided by the SAO/NASA Astrophysics Data System}
}
@INPROCEEDINGS{2002ASPC..265..415B,
   author = {{Babusiaux}, C. and {van Leeuwen}, F. and {Gilmore}, G.},
    title = "{What Will GAIA be Able to Observe in {$\omega$} Centauri}",
booktitle = {Omega Centauri, A Unique Window into Astrophysics},
     year = 2002,
   series = {Astronomical Society of the Pacific Conference Series},
   volume = 265,
   editor = {{van Leeuwen}, F. and {Hughes}, J.~D. and {Piotto}, G.},
    pages = {415},
   adsurl = {http://adsabs.harvard.edu/abs/2002ASPC..265..415B},
  adsnote = {Provided by the SAO/NASA Astrophysics Data System}
}
@ARTICLE{2013MNRAS.429.1887D,
   author = {{D'Souza}, R. and {Rix}, H.-W.},
    title = "{Mass estimates from stellar proper motions: the mass of {$\omega$} Centauri}",
  journal = {\mnras},
archivePrefix = "arXiv",
   eprint = {1211.4399},
 keywords = {globular clusters: individual: NGC 5139},
     year = 2013,
    month = mar,
   volume = 429,
    pages = {1887-1901},
      doi = {10.1093/mnras/sts426},
   adsurl = {http://adsabs.harvard.edu/abs/2013MNRAS.429.1887D},
  adsnote = {Provided by the SAO/NASA Astrophysics Data System}
}
@ARTICLE{2005MNRAS.360..631M,
   author = {{Mackey}, A.~D. and {van den Bergh}, S.},
    title = "{The properties of Galactic globular cluster subsystems}",
  journal = {\mnras},
   eprint = {astro-ph/0504142},
 keywords = {Galaxy: formation, globular clusters: general, Galaxy: halo},
     year = 2005,
    month = jun,
   volume = 360,
    pages = {631-645},
      doi = {10.1111/j.1365-2966.2005.09080.x},
   adsurl = {http://adsabs.harvard.edu/abs/2005MNRAS.360..631M},
  adsnote = {Provided by the SAO/NASA Astrophysics Data System}
}
@ARTICLE{2001AJ....121.3089T,
   author = {{Thompson}, I.~B. and {Kaluzny}, J. and {Pych}, W. and {Burley}, G. and 
	{Krzeminski}, W. and {Paczy{\'n}ski}, B. and {Persson}, S.~E. and 
	{Preston}, G.~W.},
    title = "{Cluster AgeS Experiment: The Age and Distance of the Globular Cluster {$\omega$} Centauri Determined from Observations of the Eclipsing Binary OGLEGC 17}",
  journal = {\aj},
   eprint = {astro-ph/0012493},
 keywords = {Stars: Binaries: Eclipsing, Galaxies: Distances and Redshifts, Galaxy: Globular Clusters: General},
     year = 2001,
    month = jun,
   volume = 121,
    pages = {3089-3099},
      doi = {10.1086/321084},
   adsurl = {http://adsabs.harvard.edu/abs/2001AJ....121.3089T},
  adsnote = {Provided by the SAO/NASA Astrophysics Data System}
}
@INPROCEEDINGS{2002ASPC..265...87A,
   author = {{Anderson}, J.},
    title = "{Main-Sequence Observations with HST}",
booktitle = {Omega Centauri, A Unique Window into Astrophysics},
     year = 2002,
   series = {Astronomical Society of the Pacific Conference Series},
   volume = 265,
   editor = {{van Leeuwen}, F. and {Hughes}, J.~D. and {Piotto}, G.},
    pages = {87},
   adsurl = {http://adsabs.harvard.edu/abs/2002ASPC..265...87A},
  adsnote = {Provided by the SAO/NASA Astrophysics Data System}
}
@ARTICLE{1999Natur.402...55L,
   author = {{Lee}, Y.-W. and {Joo}, J.-M. and {Sohn}, Y.-J. and {Rey}, S.-C. and 
	{Lee}, H.-C. and {Walker}, A.~R.},
    title = "{Multiple stellar populations in the globular cluster {$\omega$} Centauri as tracers of a merger event}",
  journal = {\nat},
   eprint = {astro-ph/9911137},
     year = 1999,
    month = nov,
   volume = 402,
    pages = {55-57},
      doi = {10.1038/46985},
   adsurl = {http://adsabs.harvard.edu/abs/1999Natur.402...55L},
  adsnote = {Provided by the SAO/NASA Astrophysics Data System}
}
@PROCEEDINGS{2002ASPC..265.....V,
    title = "{Omega Centauri, A Unique Window into Astrophysics}",
booktitle = {Omega Centauri, A Unique Window into Astrophysics},
     year = 2002,
   series = {Astronomical Society of the Pacific Conference Series},
   volume = 265,
   editor = {{van Leeuwen}, F. and {Hughes}, J.~D. and {Piotto}, G.},
   adsurl = {http://adsabs.harvard.edu/abs/2002ASPC..265.....V},
  adsnote = {Provided by the SAO/NASA Astrophysics Data System}
}
@ARTICLE{2013MNRAS.435.3206D,
   author = {{Dambis}, A.~K. and {Berdnikov}, L.~N. and {Kniazev}, A.~Y. and 
	{Kravtsov}, V.~V. and {Rastorguev}, A.~S. and {Sefako}, R. and 
	{Vozyakova}, O.~V.},
    title = "{RR Lyrae variables: visual and infrared luminosities, intrinsic colours and kinematics}",
  journal = {\mnras},
archivePrefix = "arXiv",
   eprint = {1308.4727},
 primaryClass = "astro-ph.GA",
 keywords = {stars: distances, stars: kinematics and dynamics, stars: variables: RR Lyrae, Local Group, distance scale},
     year = 2013,
    month = nov,
   volume = 435,
    pages = {3206-3220},
      doi = {10.1093/mnras/stt1514},
   adsurl = {http://adsabs.harvard.edu/abs/2013MNRAS.435.3206D},
  adsnote = {Provided by the SAO/NASA Astrophysics Data System}
}
